2782 3269
1240 59 1514 102 ..17—

1053 240 1216 287 Vergil,
1236 240 1367 287 Georg.

1117 303 1165 342 m
1185 302 1235 341 79
1251 315 1305 353 sq.

1422 240 1697 288 Calpurnius

610 272 837 310 Palladius
866 273 909 310 lv
935 272 981 310 13
1475 303 1511 347 6Ι
1532 303 1581 342 52
1598 315 1651 353 sq,

1748 239 2054 283 Nemesianus,
2075 241 2229 289 Cyneg.;

1907 303 1983 341 240
1999 316 2053 354 sq.

2272 241 2520 289 Oppianus,
2550 241 2686 290 Cyneg.

2389 304 2500 343 1158
2517 317 2571 355 sq.

42 440 83 471 20
104 438 237 482 κνήμας
258 442 315 472 καὶ
331 442 429 480 σκέλη
450 437 543 484 ὀρθὰ

105 494 165 525 καὶ
185 490 280 536 μάλα
302 490 391 538 ὑγρὰ
425 495 475 529 εἰς
505 491 543 525 τὸ

104 543 198 583 ἐντὸς
223 550 326 592 μέρος
353 547 543 591 ἐπεστραμ-

106 602 195 644 μένα

42 707 81 739 21
105 701 236 749 γόνατα
271 706 380 750 μικρὰ
421 716 543 752 στρογ-

105 755 192 803 γύλα
214 762 272 793 καὶ
298 756 418 805 στερεά

42 866 83 898 22
107 865 146 899 cf.
170 867 211 899 26

43 1081 84 1114 23

43 1136 84 1166 24
105 1134 236 1179 μηροὺς
256 1138 502 1179 μεμυωμένους

580 864 765 903 ungularum
781 866 882 897 solida
900 871 931 898 et
947 865 1010 897 fin
1046 869 1200 905 cavatque
1229 865 1378 896 tellurem
1413 875 1468 908 pes
1492 866 1574 897 levis
1594 870 1625 898 et
1644 871 1712 897 tor—

1088 924 1121 950 et
1142 919 1246 949 solido
1270 920 1379 958 gravi·
1457 924 1528 950 nata
1550 920 1615 950 levi
1639 920 1711 949 sub-

1089 978 1139 1003 ter
1155 976 1248 1003 sonat
1263 973 1377 1012 ungula
1456 973 1627 1013 stringitur
1656 983 1711 1004 nn—

1090 1037 1188 1058 coruu
1457 1028 1531 1067 gula
1555 1037 1652 1058 cornu

611 922 804 957 rotunditas,
826 932 882 961 pes
905 922 1010 952 siccus

612 977 644 1004 et
658 974 781 1005 solidus
794 979 1009 1005 etcornucon-

613 1037 691 1057 cavo
708 1028 804 1058 altius
821 1028 977 1058 calciatus

582 1081 710 1114 maximi
722 1086 755 1113 et
767 1082 1012 1114 rotundielunes

1749 874 1804 896 nec
1842 874 1897 906 pes
1935 864 2073 897 osticium
2108 865 2213 897 standi

1790 925 1913 955 tenet:>
1939 921 2055 958 ungula
2095 917 2232 951 terram*

1790 974 1901 1004 crebra
1936 972 2013 1005 ferit
2046 973 2213 1014 virtusque

1789 1031 1878 1057 artus
1901 1027 2041 1058 animosa
2067 1027 2182 1066 fatigat

2248 437 2442 482 ὀρθοτενεῖς
2457 441 2591 483 δολιχοί
2604 452 2639 473 τε
2652 454 2713 473 πο-

2291 492 2363 526 δῶν
2397 498 2573 537 πηριηγέες
2606 493 2715 538 αὐλοί,

2291 549 2349 578 καὶ
2393 542 2486 589 μάλα
2526 552 2713 592 teutatem,

2291 602 2349 632 καὶ
2378 603 2478 644 σαρκὶ
2508 604 2713 646 λελειμμένα

2291 654 2338 685 καῖ’
2339 656 2381 686 λα

2249 865 2340 909 ὁπλὴ
2357 866 2417 909 ὕψι
2436 893 2442 900 .
2463 894 2468 899 .
2486 866 2608 911 numm}
2624 866 2715 913 κερό-

2292 932 2376 952 εσσα
2407 921 2557 965 κραταιή,
2585 923 2717 967 σφυρὸν

2291 972 2487 1017 ἀγκλίνοιιο

2247 1139 2354 1180 μηροὶ
2372 1136 2543 1181 εὐπαγέες,
2565 1139 2715 1182 μυώδεες

45 1243 84 1274 25

45 1297 84 1328 26
108 1293 460 1356 ὄνοχαςστερεοὺςκαὶ
473 1307 544 1328 ou-
583 1296 623 1327 cf.
648 1297 687 1327 22

108 1361 222 1394 φανην
274 1363 320 1394 μτ
379 1361 543 1392 notasti),

44 1405 83 1436 27
108 1403 225 1437 κύλικα
247 1404 371 1448 μικρὸν

45 1458 84 1489 27
109 1456 234 1502 ὄρθιον
250 1455 318 1499 ὅλῳ
333 1459 381 1500 τῷ
399 1456 544 1501 σώματι,

2245 1301 2355 1342 μέγας
2388 1297 2488 1336 αὐτὸς
2520 1300 2585 1333 ἐὼν
2622 1313 2715 1344 περι·

2290 1355 2374 1396 ηγέα
2426 1356 2522 1396 γυῖα,
2577 1354 2716 1397 δολιχὸν

2291 1407 2396 1449 δέμας

109 1508 288 1554 εὐμεγέθη,
334 1510 547 1554 διηρθρωμέ·

108 1575 179 1606 νον,
222 1566 373 1608 μέγεθος
415 1559 546 1604 ἱκανόν,

108 1616 169 1654 τὰς
187 1618 231 1650 δι’
246 1616 331 1650 ὅλου
352 1618 410 1650 τοῦ
429 1617 544 1660 σώμα-

109 1683 163 1708 τος
209 1673 333 1716 φλέβας
376 1665 547 1713 εὐσήμους

108 1728 165 1758 καὶ
188 1726 393 1769 ἐπηρμένοις,

42 1781 83 1813 28
101 1780 263 1822 χροιὰν
286 1779 327 1812 δὲ
352 1778 547 1823 φοινικὸν

105 1829 125 1873 ἣ
150 1834 313 1875 μέλανα

1747 1928 1793 1964 At
1827 1926 2023 1964 oblocutus
2061 1933 2119 1964 est
2148 1926 2326 1964 Ernestus
2357 1927 2447 1971 Keil,

312 1998 367 2034 vir
408 1997 452 2034 de
482 1998 644 2034 Varrone
682 1996 964 2039 meritissimus,
1008 1997 1046 2034 in
1084 1998 1353 2035 commentario
1391 1997 1427 2033 in
1458 1996 1628 2033 Varronis
1664 2007 1693 2033 r.
1723 2008 1753 2033 r.
1783 1996 1896 2033 libros
1924 1997 2061 2046 scripto
2090 2008 2125 2046 p.
2150 1996 2224 2034 187
2241 2008 2314 2046 sq.,
2359 2008 2445 2034 nam

311 1927 451 1965 curavit
479 1938 599 1976 neque
628 1931 836 1963 ceterorum
867 1926 912 1963 de
940 1926 1008 1964 ista
1037 1938 1077 1964 re
1106 1926 1320 1964 testimonia
1348 1926 1535 1975 respicere
1564 1926 1688 1963 voluit.

310 2068 472 2115 neglecta
503 2079 592 2104 sane
621 2066 763 2103 Heinzii
792 2068 1169 2105 commentatiuncula
1200 2069 1314 2105 vetuit
1342 2067 1547 2117 philologos
1577 2066 1790 2103 ‘Columella
1821 2067 2041 2115 Geoponicis
2071 2068 2170 2104 abuti
2201 2068 2242 2103 ad
2271 2066 2447 2103 Varronis

311 2137 417 2175 verba
447 2137 685 2184 corrigenda',
730 2137 905 2185 quoniam
937 2137 1135 2175 Columella
1166 2145 1202 2176 et
1231 2138 1439 2188 Geoponica
1479 2137 1605 2174 ‘multa
1651 2137 1888 2186 descriptioni
1917 2137 2164 2175 varronianae
2206 2138 2446 2183 addidissent,

309 2219 402 2256 quae
438 2208 534 2256 apud
565 2207 767 2245 Varronem
807 2218 996 2256 nunquam
1027 2208 1117 2246 lecta
1147 2207 1328 2246 fuissent’.
1384 2207 1540 2245 Keilium
1583 2213 1707 2245 autem
1750 2213 1898 2245 secutus
1941 2214 1998 2245 est
2026 2207 2163 2244 lhmius
2206 2208 2242 2244 in
2286 2207 2447 2245 editione

309 2277 494 2326 Pelagonii
515 2288 549 2327 p.
570 2277 644 2314 135
665 2288 742 2326 cap.
760 2277 795 2320 2,
826 2283 955 2327 utpote
983 2279 1048 2328 qui
1070 2278 1240 2316 Varronis
1270 2278 1558 2327 descriptionem
1590 2277 1806 2326 primarium
1837 2289 1919 2315 esse
1947 2277 2090 2315 fontem
2112 2277 2180 2314 sibi
2207 2277 2444 2326 persuaserit.

489 2347 626 2385 Neuter
647 2359 730 2384 vero
752 2347 790 2383 in
812 2359 888 2384 rem
911 2347 1122 2396 diligentius
1141 2348 1331 2397 inquisivit
1350 2360 1473 2397 neque
1491 2348 1637 2384 studuit
1657 2348 1892 2385 difficultates
1915 2347 2097 2384 mehercle
2119 2346 2442 2395 inexsuperabiles,

310 2429 406 2467 quae
434 2418 501 2456 ista
532 2417 707 2467 opinione
736 2418 888 2467 probata
917 2418 1099 2463 existunt,
1134 2419 1324 2456 infirmare
1362 2425 1426 2456 aut
1464 2418 1616 2456 diluere.

309 2487 381 2526 iam
419 2499 531 2526 nemo
570 2488 867 2538 Geoponicorum
898 2488 1118 2526 Columellae
1148 2489 1267 2527 verbis
1306 2501 1389 2527 eum
1418 2488 1654 2527 Varronianis
1692 2488 1913 2537 comparatis
1951 2498 2028 2526 non
2064 2488 2278 2537 intellegere
2307 2487 2443 2537 potuit:

309 2569 412 2596 nunc
440 2571 525 2596 vero
554 2559 680 2597 codice
709 2558 997 2608 Cantabrigiensi
1027 2565 1213 2608 protracto
1243 2565 1451 2597 ceterorum
1483 2559 1705 2596 testimoniis
1736 2559 1914 2608 appositis
1944 2570 1990 2595 ne
2020 2557 2264 2595 tenuissimus
2294 2559 2444 2607 quidem

309 2628 445 2667 residet
486 2629 693 2679 scrupulus.

309 2699 431 2748 signa,
475 2712 591 2750 eaque
634 2701 681 2739 ita
725 2706 935 2750 comparata
978 2707 1085 2746 sunt,
1130 2707 1171 2738 ut
1212 2706 1384 2750 appareat
1426 2713 1466 2738 ea
1510 2699 1629 2749 primo
1664 2699 1786 2747 lingua
1816 2699 1952 2736 Graeca
1997 2698 2132 2748 scripta
2162 2710 2227 2747 per
2256 2704 2446 2736 auctorem

309 2768 519 2807 Romanum
550 2783 670 2820 neque
700 2782 846 2821 semper
876 2777 1044 2808 accurate
1075 2782 1175 2808 versa
1204 2777 1240 2808 et
1268 2771 1451 2808 interdum
1484 2770 1735 2818 neglegentius
1765 2770 1938 2818 disposita
1965 2770 2019 2806 vel
2050 2770 2157 2817 plane
2186 2769 2324 2806 omissa
2354 2781 2446 2806 esse.

310 2838 503 2888 Vapulabit
532 2841 710 2879 nimirum
739 2840 784 2877 M.
806 2840 1022 2887 Terentius,
1061 2841 1089 2878 si
1129 2840 1270 2889 singula
1308 2841 1351 2878 ad
1391 2840 1584 2878 obrussam
1626 2839 1830 2887 exigemus,
1869 2839 1939 2876 nisi
1978 2838 2072 2876 forte
2110 2850 2191 2875 eam
2230 2838 2448 2887 ingrediaris

310 2908 419 2954 viam,
448 2921 558 2958 quam
589 2910 676 2947 olim
709 2910 865 2948 Ursinus
895 2917 932 2948 et
958 2911 990 2947 J.
1012 2911 1052 2948 G.
1075 2911 1277 2948 Schneider
1306 2911 1400 2947 Saxo
1435 2910 1619 2952 inierunt,
1660 2909 1722 2957 qui
1756 2920 1887 2945 omnes
1917 2920 2011 2957 quos
2039 2909 2272 2945 inveniemus
2302 2919 2448 2945 errores

1673 2417 1819 2455 Etenim
1851 2429 1930 2455 eam
1962 2417 2178 2466 opinionem
2207 2416 2335 2453 falsam
2367 2428 2446 2454 esse

759 2629 879 2668 Ceteri
923 2630 1021 2667 enim
1062 2636 1176 2667 testes
1218 2641 1293 2667 non
1339 2630 1447 2667 modo
1490 2630 1592 2678 plura
1633 2629 1794 2666 Varrone
1839 2628 2017 2678 praebent
2056 2627 2118 2665 sed
2150 2629 2260 2666 etiam
2294 2628 2445 2665 meliora

310 2977 485 3017 Varronis
529 2986 739 3030 temporum
783 2980 931 3019 iniuriis
967 2982 1256 3030 imputaverunt.
1314 2980 1481 3029 Namque
1517 2985 1553 3016 et
1581 2978 1819 3016 Columellam
1855 2985 1891 3017 et
1928 2984 2117 3016 auctorem
2148 2978 2448 3027 Geoponicorum

310 3048 548 3098 integriorem
572 3050 742 3087 Varronis
773 3056 988 3088 contextum
1020 3051 1191 3089 manibus
1221 3051 1365 3088 trivisse
1394 3050 1485 3087 salso
1512 3049 1580 3087 rati
1601 3049 1708 3086 verba
1731 3050 1873 3094 tradita,
1903 3060 1997 3097 quae
2019 3060 2087 3086 nos
2108 3049 2275 3097 legimus,
2307 3048 2448 3086 Reatini

304 3118 408 3157 terro
436 3119 586 3170 ignique
613 3133 744 3161 sanare
773 3133 849 3159 non
878 3121 986 3159 veriti
1013 3127 1114 3160 sunt.
1162 3121 1201 3159 ld
1229 3121 1327 3170 quod
1355 3120 1471 3158 Keilio
1500 3120 1749 3170 improbatum
1780 3124 1837 3157 est
1868 3118 2011 3165 merito,
2041 3131 2265 3169 quamquam
2295 3119 2375 3169 ipse
2406 3119 2451 3156 de

374 3193 595 3223 frioda-vna.
611 3195 712 3230 om.
745 3197 822 3225 1⁸⁹0.
2140 3184 2161 3219 3
