2782 3269
307 816 345 846 10

306 1166 343 1196 15

304 1513 344 1542 20

391 177 601 220 συγκαῶσι
640 177 690 228 τῇ
729 173 871 225 κόπρῳ
901 172 1065 213 άπαλαὶ

391 242 673 293 ὑπάρχουσαι,
704 244 843 295 δείλης
859 245 914 284 -δὲ
936 245 1067 284 πάλιν

393 315 452 360 εἰς
498 315 545 354 τὸ
594 312 795 354 σταῦλον*
841 315 1065 354 εἰσακτέον.

391 384 495 436 μετὰ
534 383 580 422 δὲ
613 382 688 422 δύο
718 384 854 436 μῆνας
884 396 966 422 που
996 383 1065 421 καὶ

392 462 500 505 τρεῖς
527 452 784 503 γυμναστέον
812 454 885 505 τὴν
915 458 1064 500 ἵππον,

393 526 445 562 ἵν’
474 522 596 575 αὐτῆς
624 538 668 575 τε
687 524 733 562 τὸ
753 523 860 572 γάλα
881 531 1067 574 κρεῖττον

391 597 555 646 γένηται
586 594 656 633 καὶ
688 591 709 634 ὁ
732 592 871 640 πῶλος
891 591 1066 634 ἀκολου-

390 666 483 704 θῶν
511 664 818 716 ἐγγυμνάσηται
850 671 939 710 τοῖς
967 663 1066 715 δρό-

390 749 496 785 μοις.
554 734 843 785 ἑξαμηνιαίοις
872 734 918 773 δὲ
946 748 1065 783 γενο-

391 807 534 855 μένοις
581 812 668 850 τοϊς
717 803 875 849 πώλοις
913 804 1066 855 κριθὰς

391 874 682 926 παραβλητέον
701 876 976 926 βεβρεγμένας
996 875 1066 913 καὶ

392 943 612 990 πτισάνας.
632 942 771 997 <ἆλλ’>
785 942 832 984 οὐ
843 941 1067 996 χωριστέον

388 1016 461 1054 τοῦ
499 1015 515 1066 ΙΙ
552 1014 757 1062 γάλακτος
795 1012 878 1065 πρό
908 1015 1067 1060 διετίας

390 1083 550 1130 αὐτούς.
575 1084 809 1136 φυλακτέον
824 1084 870 1123 δὲ
886 1082 1067 1135 ἀκριβῶς

392 1154 498 1206 <μὴ>
533 1152 761 1204 ὀχεύεσθαι
799 1155 876 1200 τὰς
913 1153 1067 1203 γαλου-

390 1224 560 1274 χούσας,
579 1228 649 1265 ἵνα
668 1226 723 1277 μὴ
743 1225 789 1264 τὸ
806 1224 914 1273 γάλα
935 1223 1068 1264 αὐτῶν

390 1294 626 1350 διαφθαρῇ.
695 1292 1069 1334 ἄναπαυέσθωσαν

391 1365 437 1403 δὲ
469 1365 624 1416 <μετὰ>
662 1365 826 1404 διετίαν
868 1363 891 1416 ἢ
932 1364 980 1404 τό
1020 1380 1068 1413 γε

390 1434 609 1484 ἐλάχιστον
668 1434 809 1488 <μετ’>
863 1432 1063 1475 ἐνιαυτόν.

390 1503 495 1545 οὕτω
516 1507 595 1556 γὰρ
615 1509 684 1544 καὶ
707 1504 747 1545 οἳ
769 1505 903 1546 πῶλοι
924 1504 1065 1558 εὔτρο-

390 1575 574 1629 φήσουσι
600 1577 670 1615 καὶ
691 1575 814 1616 αὐταὶ
836 1576 1063 1626 πολύγονοι

390 1647 458 1683 καὶ
490 1645 763 1698 πολυχρόνιοι
795 1646 972 1709 ἔσονται.

444 1791 461 1820 3
487 1787 545 1822 τὸν
562 1781 668 1821 out—17).
735 1792 752 1821 7
778 1792 886 1824 ἵππος
951 1791 970 1821 9
993 1789 1065 1827 ἑξα-

388 1847 547 1886 μηναίοις
636 1846 674 1876 10
698 1844 815 1888 κριθῆς
837 1844 1067 1889 καταβληιρόν

389 1899 618 1941 βεβρεγμένον
651 1900 709 1930 καὶ
823 1900 859 1930 12
897 1893 1066 1939 πτισάνης

394 1954 431 1984 15
456 1954 528 1987 ταῖς
543 1947 775 1994 γαλαχούσαις
844 1954 881 1984 18
904 1948 992 1995 μετά
1018 1954 1064 1984 bis

391 2008 611 2047 supplendum,
632 2008 695 2038 nisi
713 2008 760 2041 εἰς
777 2013 931 2047 praestat,
947 2007 987 2038 cf.
1005 2019 1032 2047 p.
1047 2009 1065 2039 8

393 2061 447 2091 lin.
463 2062 480 2091 5
559 2060 599 2091 20
616 2058 694 2095 τοὺς
709 2059 847 2095 πώλους
902 2061 939 2091 21
967 2051 1067 2092 αὗται

1333 68 1606 105 —10—

1136 179 1355 227 ειρημένην
1391 175 1636 226 ἐπιμέλειαν
1677 186 1809 225 προσ-

1136 244 1289 296 άγομεν
1323 247 1476 293 (rectius
1513 240 1807 297 προσάξομεν).

1136 315 1279 369 πολλῷ
1307 313 1465 367 μᾶλλον
1493 315 1597 367 μετὰ
1625 314 1700 356 δύο
1727 330 1810 356 που

1136 386 1204 424 καὶ
1243 391 1352 436 τρεῖς
1389 386 1520 438 μῆνας
1556 387 1811 437 γυμναστέον

1135 458 1208 509 τὴν
1234 461 1384 502 ἵππον,
1417 460 1486 495 ἵνα
1514 455 1616 511 αὐτῇ
1644 454 1812 495 κάλλιον

1135 527 1347 579 ἐγγίνηται
1363 528 1410 566 τὸ
1425 526 1533 575 γάλα
1548 528 1596 580 τῇ
1615 526 1810 578 ποιότητι

1138 602 1391 649 (corruptum,
1437 610 1527 637 num
1571 596 1808 650 κινήματιῖ)

1135 668 1204 707 καὶ
1235 666 1256 708 ό
1287 668 1427 714 πῶλος
1465 665 1709 708 ἀκολουθῶν
1735 682 1808 717 γυ-

1136 737 1339 790 μνάζηται
1377 745 1465 783 τοῖς
1497 736 1680 789 δρόμοις,

1737 1432 1811 1473 ἐὰν

1136 1505 1183 1544 δὲ
1221 1503 1386 1550 ἁπαλὰς
1423 1504 1547 1553 ἔχωσι
1577 1504 1649 1550 τὰς
1678 1502 1811 1549 ὁπλὰς

1136 1574 1176 1615 οἳ
1197 1575 1350 1622 πῶλοι,
1381 1574 1426 1614 ἐν
1450 1576 1643 1626 τραχέσιν
1662 1572 1810 1620 αὐτοὺς

1134 1647 1304 1697 χωρίοις

1136 1714 1409 1767 στρωννύντες
1438 1713 1572 1754 αὐτῶν
1596 1721 1685 1762 τοῖς
1705 1716 1809 1755 ποσὶ

1378 1643 1641 1696 γυμνάσομεν
1703 1641 1807 1684 ὐπο-

1136 1786 1206 1824 καὶ
1228 1785 1438 1836 ψηφῖδας,
1469 1782 1576 1824 οὕτω
1598 1786 1677 1837 γὰρ
1698 1784 1750 1824 ἂν
1764 1784 1809 1824 αἶ

1136 1854 1267 1894 ὁπλαὶ
1284 1852 1589 1907 σκληρύνοιντο.
1620 1854 1747 1894 καλὸν
1763 1855 1809 1894 δὲ

1136 1926 1401 1976 θεραπεῦσαι
1427 1925 1500 1977 τὴν
1522 1923 1656 1976 ὁπλὴν
1675 1924 1811 1966 αὐτῶν

1136 1996 1209 2047 τὴν
1230 1992 1397 2046 ἁπαλήν
1417 1992 1540 2034 οὕτω·
1572 1998 1695 2046 στέαρ
1720 1999 1810 2045 χοί-

1138 2078 1251 2116 ρειον
1292 2064 1479 2105 παλαιὸν
1512 2065 1582 2104 καὶ
1621 2064 1812 2117 τράγειον

1137 2136 1206 2173 καὶ
1223 2137 1348 2173 θετον
1362 2134 1526 2185 ἄπυρον
1540 2136 1610 2173 καὶ
1631 2134 1812 2186 σκόροδα

1136 2204 1315 2255 μίξαντα
1343 2206 1476 2255 χρίειν
1496 2205 1568 2250 τὰς
1588 2204 1722 2251 ὁπλὰς
1741 2206 1811 2244 καὶ

1136 2275 1208 2320 τὰς
1235 2273 1454 2324 χελιδόνας
1482 2272 1626 2315 αὐτῶν.

2033 733 2319 786 ἑξαμηνιαίοις
2352 733 2400 773 δὲ
2431 747 2549 783 γενο-

1877 807 2017 855 μένοις
2062 811 2150 850 τοῖς
2197 803 2355 851 πώλοις
2397 803 2553 856 κριθάς

1878 873 2205 926 παραβαλοῦμεν
2255 877 2550 927 βεβρεγμένοις.

1877 942 1925 984 οὗ
1961 942 2186 995 χωριστέον
2222 943 2269 984 δὲ
2307 941 2405 985 οὐδὲ
2434 943 2550 996 <νῦν,

1877 1016 1947 1053 nisi
1965 1017 2071 1065 plura
2088 1015 2320 1062 exciderunt)
2337 1014 2550 1063 γάλακτος.

1876 1085 1996 1123 τοῦτο
2025 1083 2074 1123 δὲ
2104 1082 2282 1136 ἀκριβῶς
2312 1084 2416 1123 ἔστω
2446 1079 2550 1134 (ἔστι

1876 1154 2008 1202 Miller)
2039 1153 2402 1206 παραφυλακτέον,
2437 1151 2552 1200 ὅπως

1878 1224 1932 1276 μὴ
1965 1223 2239 1277 ἕκτρέφουσαι
2266 1224 2361 1271 τοὺς
2389 1223 2553 1270 πώλους

1880 1292 2116 1343 ὄχευθῶσιν
2129 1306 2137 1315 ·
2167 1293 2211 1333 ἐκ
2229 1293 2309 1345 γὰρ
2328 1294 2398 1346 τῆς
2414 1292 2553 1344 ὀχείας

1878 1364 1924 1403 τὸ
1962 1362 2069 1412 γάλα
2098 1362 2238 1415 ῶσπερ
2273 1364 2343 1402 καὶ
2372 1363 2446 1403 ἐπὶ
2474 1365 2554 1403 τῶν

1879 1431 2121 1486 ἀνθρώπων
2135 1433 2447 1486 διαφθείρεται.
2482 1436 2553 1473 Τι-

1880 1505 1945 1550 νὲς
1975 1504 2021 1543 δὲ
2050 1502 2298 1555 βουλόμενοι
2326 1503 2399 1549 τὰς
2420 1502 2553 1550 ὁπλὰς

1881 1574 2152 1627 σκληροτέρας
2180 1575 2372 1626 ποιῆσαι,
2402 1573 2553 1626 ὄστρα-

1879 1659 1952 1684 κον
1982 1643 2247 1697 πυρῶσαντες
2281 1644 2351 1683 καὶ
2380 1643 2552 1697 ἐπιρρά-

1878 1729 2022 1761 ναντες
2051 1714 2145 1761 ὄξος
2173 1713 2433 1754 ὑποτιθέασι
2461 1721 2554 1761 ταῖς

1879 1784 2049 1831 ὁπλαῖς,
2080 1786 2149 1823 καὶ
2180 1782 2265 1823 ἀπὸ
2286 1786 2358 1837 τῆς
2378 1781 2553 1824 ὁδοιπο·

1880 1857 1972 1907 ρίας
1983 1852 2187 1900 ἐλθόντας
2197 1851 2424 1900 πλύναντες
2432 1851 2553 1894 ὕδατι

1882 1926 2027 1978 ψυχρῷ
2043 1923 2316 1969 ἐπιστάζουσι
2329 1927 2451 1975 στέαρ
2465 1928 2554 1974 χοί-

1882 2010 1994 2046 ρειον
2019 1994 2043 2047 ἢ
2076 1994 2268 2047 τράγειον
2294 1995 2398 2046 μετὰ
2429 1998 2554 2035 θείου

1881 2072 1975 2112 ταῖς
2020 2062 2192 2115 ὁπλαῖς,
2239 2063 2421 2116 μάλιστα
2461 2072 2554 2113 ταῖς

1881 2134 2197 2187 ὑποτριψάσαις
2253 2133 2552 2187 (ὑποτριφθεί-

1882 2216 1977 2251 σαις
1996 2207 2051 2244 vel
2071 2202 2414 2256 ὑποτριβείσαις).
2443 2205 2553 2243 Καθ’

1880 2273 2035 2328 ἡμέραν
2081 2274 2129 2314 δὲ
2175 2274 2257 2314 κτλ.
2310 2276 2458 2314 afferam
2506 2276 2550 2313 ad

1878 2347 2128 2395 fragmentum
2159 2347 2332 2396 quintum
2363 2359 2397 2396 p.
2422 2347 2484 2385 11.

576 2486 737 2524 Anatolii
767 2486 877 2524 verba
918 2493 957 2523 ut
996 2499 1064 2537 pro
1094 2487 1188 2540 virili
1229 2492 1333 2536 parte
1372 2498 1661 2536 recuperemus,
1699 2489 1783 2538 quis
1822 2488 2040 2538 compilator
2069 2487 2250 2525 fidissime
2289 2487 2369 2526 eius
2399 2488 2550 2538 vestigia

394 2558 582 2606 presserit,
619 2558 932 2595 considerandum
972 2563 1039 2594 est.
1098 2557 1274 2595 Videmus
1314 2563 1439 2595 autem
1480 2570 1520 2595 ea
1560 2570 1654 2607 quae
1694 2559 1732 2596 in
1764 2560 1789 2596 C
1828 2559 2025 2596 coniuncta
2065 2559 2239 2607 leguntur
2266 2570 2284 2595 a
2314 2558 2345 2595 Μ
2377 2563 2414 2596 et
2442 2559 2471 2595 G
2511 2559 2548 2596 in

395 2628 484 2665 duas
512 2629 711 2676 particulas
738 2628 880 2665 divulsa
908 2639 997 2665 esse.
1058 2627 1089 2664 Μ
1112 2639 1198 2665 vero
1232 2628 1555 2677 neglegentissime
1582 2629 1666 2675 egit,
1706 2629 1744 2666 in
1774 2640 1847 2678 quo
1883 2640 1976 2678 quae
2005 2629 2048 2666 ad
2076 2629 2190 2666 finem
2219 2640 2237 2666 a
2268 2627 2364 2665 καθ’
2395 2625 2551 2679 ἡμέραν

396 2699 579 2746 leguntur,
620 2698 707 2747 quid
747 2698 816 2735 sibi
856 2698 928 2735 hoc
966 2699 1046 2735 loco
1079 2698 1202 2741 velint,
1232 2698 1303 2736 nisi
1335 2710 1377 2736 ex
1407 2699 1615 2748 fragmento
1644 2705 1748 2736 sexto
1778 2698 2068 2747 Cantabrigiensi
2098 2699 2336 2744 disceremus,
2373 2699 2483 2749 plane
2510 2699 2549 2737 in

395 2768 556 2805 obscuro
584 2774 692 2805 esset.
738 2768 877 2806 Deinde
908 2769 946 2805 in
974 2768 1008 2804 M
1040 2768 1215 2805 nonnulla
1243 2768 1510 2813 desideramus,
1538 2780 1631 2818 quae
1660 2770 1697 2806 in
1719 2770 1877 2807 Anatolii
1904 2781 2016 2819 opere
2042 2770 2100 2806 vix
2127 2769 2297 2807 deerant:
2329 2769 2405 2807 hiat
2431 2769 2549 2807 oratio

395 2844 481 2874 ante
510 2837 613 2884 μετα
641 2837 718 2888 γὰρ
748 2850 782 2886 p.
800 2838 835 2883 9,
853 2838 917 2882 20,
948 2838 1009 2876 ubi
1038 2837 1116 2888 γάρ
1148 2850 1224 2875 ηοη
1252 2838 1364 2875 habet
1383 2850 1456 2888 quo
1478 2839 1681 2883 referatur3
1712 2840 1875 2889 denique
1895 2840 1982 2889 quid
2006 2844 2090 2888 post
2110 2839 2203 2877 duos
2224 2840 2279 2877 vel
2300 2844 2376 2877 tres
2397 2849 2548 2877 menses

395 2909 505 2956 pullis
527 2909 738 2946 faciendum
760 2909 808 2946 sit
828 2909 1052 2958 quandoque
1074 2921 1092 2946 a
1114 2909 1208 2946 lacte
1229 2909 1303 2947 sint
1325 2909 1551 2954 removendi,
1572 2909 1606 2946 M
1627 2910 1759 2947 afferre
1779 2910 1887 2959 plane
1909 2909 2046 2947 oblitus
2067 2914 2135 2948 est.
2170 2909 2300 2960 Neque
2315 2909 2345 2947 G
2363 2910 2544 2959 vitupera-

395 2979 497 3015 tione
528 2985 639 3022 caret,
671 2991 757 3016 nam
787 2980 825 3017 in
855 2979 975 3028 capite
1006 2978 1115 3030 ιπερὶ
1145 2979 1331 3017 κυουσῶν
1361 2978 1523 3017 ἵππων’
1552 2980 1732 3030 inscripto
1761 2980 1849 3030 quid
1880 2980 1949 3018 sibi
1980 2979 2106 3018 volunt
2135 2980 2297 3018 remedia
2327 2980 2371 3018 ad
2394 2980 2548 3029 ungulas

394 3049 581 3098 pullorum
605 3061 638 3098 p.
655 3050 712 3094 10,
726 3046 805 3086 21?
835 3050 930 3086 Ante
951 3046 1093 3101 πολλῷ
1113 3048 1273 3098 μᾶλλον
1293 3049 1434 3099 p.10,3
1456 3056 1593 3096 autem,
1615 3050 1726 3099 quod,
1748 3051 1778 3088 si
1799 3050 2069 3089 sententiarum
2091 3061 2272 3089 conexum
2295 3050 2548 3100 respiciamus.
