2782 3269
1237 87 1513 127 -19—

304 197 401 244 apud
429 189 632 233 Varronem
676 197 797 234 deest:
849 197 988 253 Keilius
1026 198 1176 246 quidem
1207 200 1386 246 ‘angusta'
1415 200 1637 237 adiectivum
1675 201 1725 237 ibi
1753 201 1929 237 traditum
1959 200 2137 248 expunxit
2166 207 2357 249 tamquam
2388 204 2443 238 ‘ex

303 265 560 317 superioribus
582 266 711 306 vitiose
738 265 960 318 repetitum',
991 266 1040 306 nii
1068 279 1155 317 ergo
1185 266 1234 307 ibi
1263 267 1496 308 desideravit.
1535 265 1660 315 Quid?
1689 268 1888 308 Varronem
1912 279 2002 307 num
2031 268 2228 307 verisimile
2248 274 2303 308 est
2325 280 2443 308 unum

305 348 349 375 ex
378 336 535 376 testibus
565 337 755 388 productis
783 338 957 376 omnibus
987 338 1031 376 de
1059 338 1252 377 notissima
1281 338 1366 388 equi
1395 344 1500 388 parte
1535 350 1628 388 quae
1658 340 1795 388 legerat
1822 340 1929 389 plane
1957 339 2112 376 oblitum
2143 338 2255 377 esse?
2311 340 2443 377 Nonne

305 407 460 456 plagulis
490 408 623 456 dignus
651 406 781 445 foret?
836 407 934 452 Quid
963 409 1062 457 quod
1092 409 1171 457 ipse
1204 409 1251 445 10
1282 409 1328 445 de
1356 408 1483 445 dextra
1512 415 1616 457 parte
1644 409 1797 446 cervicis
1824 407 2017 458 loquitur?

483 477 611 527 ltaque
632 476 655 515 8
678 461 847 515 lacunam
868 476 1100 515 statuendam
1123 488 1204 515 esse
1225 477 1370 526 opinor,
1391 489 1501 527 quam
1523 477 1680 516 Ursinus
1700 478 1787 515 olim
1810 478 1903 516 bene
1923 478 2116 527 supplevit,
2143 489 2225 516 cum
2248 478 2442 517 scriberet:

305 547 473 598 <cervice
503 547 603 586 molli
633 545 735 597 non>
757 552 923 597 angusta.
963 547 1102 586 Keilius
1131 559 1217 586 vero
1247 547 1377 586 iniuria
1406 552 1456 586 ait
1484 554 1571 586 ‘non
1600 554 1723 598 aptam
1755 548 1824 586 dici
1854 554 2047 597 angustam
2079 547 2289 586 cervicem':
2319 559 2445 587 nonne

304 616 478 662 ‘schmal‘‚
506 616 756 665 ‘schmachtig'
784 617 886 654 notio
915 617 1060 665 egregie
1089 618 1161 655 huc
1179 617 1363 666 quadrat?
1402 618 1495 663 Quid
1523 618 1592 655 sibi
1614 618 1698 655 velit
1718 619 1943 656 accusativus
1969 619 2027 662 10,
2059 630 2118 655 me
2140 630 2213 655 non
2233 619 2446 666 intellegere

302 687 374 726 iam
396 687 481 733 dixi,
498 687 620 737 itaque
635 686 813 725 ablativus
830 690 992 737 ‘pectore
1008 687 1082 727 lato
1099 694 1137 727 et
1152 687 1272 738 pleno'
1289 688 1518 727 revocandus
1539 688 1619 733 erit,
1633 688 1703 726 nisi
1724 688 1942 738 scriptorem
1959 688 2004 726 ad
2022 693 2159 726 tantam
2177 688 2444 738 neglegentiam

304 769 541 808 progressum
563 769 643 796 esse
664 757 889 807 putabimus,
908 763 948 797 ut
969 759 1068 796 hunc
1084 758 1331 797 accusativum
1351 759 1441 797 falso
1458 765 1625 809 poneret,
1642 760 1739 809 quod
1757 759 1780 796 9
1796 759 1847 796 ‘in
1864 759 2108 797 dexteriorem
2126 766 2265 808 partem
2284 760 2445 797 cervicis’

303 828 455 867 dixerat.
485 829 619 867 Contra
640 829 756 878 ipsius
776 830 893 867 errori
913 830 1068 872 ascribo,
1086 830 1183 879 quod
1205 830 1253 867 17
1268 830 1385 868 alieno
1405 831 1486 868 loco
1507 836 1670 880 apparet,
1691 842 1774 868 cum
1797 830 1840 867 ad
1862 830 1907 867 10
1928 830 2123 879 pertineat.
2155 830 2302 867 Etenim
2319 831 2445 873 Varro,

302 911 387 937 cum
405 900 446 936 11
470 900 692 948 βραχίονας
704 899 906 937 ‘Armbein’
923 910 999 937 non
1021 905 1201 944 accurate,
1217 900 1313 938 sicut
1327 900 1538 945 Columella,
1555 913 1620 949 per
1637 900 1783 938 ‘armos'
1799 900 1862 938 sed
1884 901 2138 949 neglegentius
2159 912 2227 949 per
2242 901 2444 938 ‘humeros'

303 969 490 1015 vertisset,
525 969 701 1008 ‘humeris
737 968 830 1009 latis'
867 976 904 1008 et
938 970 1108 1020 ‘scapulis
1144 969 1235 1009 latis’
1271 970 1368 1010 iuxta
1406 983 1546 1021 ponere
1582 972 1719 1010 veritus
1756 976 1829 1017 est,
1873 971 1970 1021 quod
2010 970 2086 1010 fere
2116 970 2210 1009 idem
2241 970 2446 1020 significare

306 1039 538 1079 viderentur:
569 1040 693 1089 itaque
722 1040 891 1078 ordinem
922 1041 1125 1089 genuinum
1156 1041 1305 1079 turbare
1334 1042 1474 1079 maluit.
1514 1041 1630 1079 Porro
1660 1042 1762 1079 valde
1792 1042 1971 1091 displicet,
2002 1042 2098 1091 quod
2125 1043 2172 1078 14
2204 1047 2240 1078 et
2269 1040 2320 1078 24
2350 1043 2444 1091 apud

304 1109 575 1159 Polybistorem
622 1110 756 1147 frustra
798 1110 1033 1159 quaerimus,
1077 1122 1160 1148 cum
1204 1111 1317 1148 ceteri
1360 1113 1406 1148 de
1434 1112 1478 1148 iis
1516 1111 1624 1148 verba
1654 1113 1805 1149 saciant:
1853 1112 1966 1148 timeo
1995 1118 2131 1155 autem,
2161 1123 2207 1148 ne
2237 1112 2284 1147 ibi
2316 1118 2446 1148 auctor

303 1181 519 1229 peccaverit,
549 1181 605 1218 cui
635 1187 759 1228 partes
789 1181 883 1217 istae
913 1182 1077 1230 corporis
1108 1182 1227 1219 minus
1259 1182 1434 1219 memoria
1465 1183 1598 1230 dignae
1629 1182 1856 1218 viderentur.
1913 1181 2013 1218 Idem
2050 1181 2094 1218 de
2128 1180 2175 1218 12
2206 1188 2307 1230 puto,
2345 1182 2443 1230 quod

303 1250 411 1288 etiam
456 1250 494 1287 in
537 1249 758 1299 Geoponicis
800 1250 977 1289 omissum
1022 1256 1089 1289 est.
1155 1251 1266 1289 Valde
1307 1251 1469 1289 notabile
1513 1257 1569 1289 est
1612 1251 1635 1288 5
1680 1251 1842 1288 ‘auribus
1887 1250 2100 1300 applicatis‘‚
2153 1251 2250 1299 quod
2304 1252 2446 1300 egregie

303 1320 503 1369 respondet
532 1308 827 1369 Geoponicorum
873 1317 968 1359 ‘uita
1010 1320 1372 1372 προσεσταλμένα’,
1417 1333 1500 1359 cum
1532 1322 1729 1358 Columella
1774 1322 1915 1358 ‘breves
1956 1322 2137 1358 auriculas
2182 1328 2217 1357 et
2260 1322 2445 1365 arrectas‘‚

304 1391 329 1428 C
359 1385 477 1428 *αἰτία
506 1386 617 1440 ὀρθὰ
645 1390 714 1428 καὶ
736 1390 1045 1442 προϊστάμενα’,
1076 1391 1257 1429 Palladius
1288 1396 1407 1428 ‘aures
1438 1391 1567 1428 breves
1597 1397 1634 1429 et
1663 1392 1822 1439 argutas'
1851 1398 2013 1440 poscant.
2056 1391 2252 1436 Quomodo
2282 1397 2361 1429 orta
2393 1398 2448 1428 est

304 1459 577 1511 discrepantia?
617 1461 759 1499 Mecum
789 1461 818 1499 si
848 1461 948 1506 facis,
978 1474 1036 1500 res
1068 1462 1170 1499 facile
1199 1462 1422 1511 explicatur:
1451 1459 1920 1502 HPOCECTAAMENA
1949 1467 1984 1498 et
2010 1458 2446 1500 HPOECTAAMENA

304 1532 416 1578 (sicut
446 1531 552 1569 hodie
582 1543 774 1580 perperam
805 1532 843 1568 in
874 1532 1022 1581 optimis
1044 1533 1343 1581 Geoponicorum
1374 1533 1562 1570 codicibus
1583 1533 1652 1569 ΡΜ
1684 1532 1850 1579 legiturl)
1881 1541 1916 1570 et
1944 1529 2330 1571 HPOICTAMENA
2359 1544 2444 1580 pro-

306 1602 443 1639 miscue
472 1602 508 1638 in
541 1602 812 1651 exemplaribus
842 1603 989 1639 Graecis
1028 1603 1099 1640 iam
1132 1603 1218 1640 olim
1250 1603 1339 1639 lecta
1369 1609 1475 1639 sunt:
1518 1603 1632 1639 Varro
1675 1603 1782 1645 illud,
1826 1602 2023 1640 Columella
2069 1602 2250 1639 Palladius
2295 1602 2363 1638 hoc
2405 1602 2442 1638 in

303 1684 513 1709 sermonem
546 1672 714 1710 Latinum
747 1671 1028 1710 transtulerunt.
1080 1673 1132 1709 lta
1162 1673 1299 1711 factum
1332 1679 1400 1717 est,
1431 1679 1482 1718 ut,
1512 1684 1735 1722 quamquam
1766 1672 1925 1710 eundem
1956 1678 2144 1710 auctorem
2175 1671 2442 1715 exscribebant,

304 1744 348 1781 ile
378 1743 530 1781 auribus
569 1744 675 1792 plane
705 1742 801 1780 inter
829 1754 868 1780 se
897 1744 1079 1781 contraria
1112 1743 1374 1793 proferrent1).
1436 1744 1482 1781 10
1515 1743 1624 1781 Varro
1655 1740 1945 1794 ιμεμυωμένοϊ
1976 1754 2050 1780 non
2081 1742 2241 1780 reddidit
2280 1742 2349 1779 nisi
2379 1753 2444 1791 per

304 1814 479 1862 ‘plenum'
511 1811 677 1863 (πλῆρες
708 1814 767 1861 C):
804 1825 935 1862 parum
966 1815 1171 1862 diligenter.
1235 1814 1281 1851 13
1318 1813 1486 1851 ‘modico'
1508 1831 1560 1846 =
1580 1812 1760 1862 εὔογκον,
1800 1809 1996 1852 Columella
2025 1813 2246 1850 ·substrict0‘
2267 1830 2319 1843 =
2338 1824 2443 1861 συμ-

304 1885 605 1934 πεπιεσμένηνε
658 1890 856 1933 utrumque
894 1884 931 1921 in
972 1885 998 1922 C
1037 1885 1114 1930 (sed
1155 1884 1199 1922 cf.
1230 1885 1354 1931 infra).
1414 1885 1460 1922 15
1500 1885 1608 1934 plane
1646 1884 1750 1923 deest
1787 1885 1883 1934 apud
1914 1884 2090 1925 Graecos,
2130 1895 2213 1921 cum
2244 1883 2443 1921 Columella

303 1955 508 1992 accuratius
549 1953 729 1998 Varrone;
780 1954 844 1992 sed
891 1954 1065 2004 quoniam
1111 1954 1157 1992 16
1201 1954 1296 2004 apud
1335 1955 1523 1992 Romanos
1568 1955 1815 1999 desideratur,
1864 1954 2019 1991 fortasse
2065 1955 2110 1990 de
2150 1965 2277 1990 eorum
2318 1965 2444 1990 errore

303 2024 463 2072 cogitare
493 2036 703 2073 possumus.
761 2024 811 2061 20
842 2024 1019 2071 ‘figurata'
1049 2031 1149 2061 recte
1179 2025 1223 2061 ab
1254 2025 1455 2062 editoribus
1484 2026 1520 2061 in
1553 2026 1739 2072 ‘figuratis'
1772 2030 1952 2061 mutatum
1984 2036 2065 2061 esse
2102 2035 2201 2061 nunc
2235 2036 2278 2060 ex
2305 2024 2331 2060 C
2360 2036 2444 2071 per-

302 2094 479 2143 spicimus
509 2093 647 2144 (σκέλη
679 2122 688 2131 .
710 2123 718 2131 .
741 2123 750 2131 .
781 2094 839 2138 εἷς
872 2092 917 2131 τὸ
957 2092 1071 2139 ἐντὸς
1109 2095 1231 2144 μέρος
1269 2093 1599 2145 ἐπεστραμμένα)
1640 2100 1803 2132 ceterum
1845 2094 2021 2143 pleniore.
2079 2093 2229 2136 Mirum,
2269 2094 2367 2142 quod
2410 2094 2441 2129 id

303 2164 501 2202 Columella
541 2164 585 2202 ad
625 2164 672 2201 21
716 2165 843 2208 traxit,
891 2176 974 2202 cum
1015 2165 1152 2202 diceret
1189 2166 1309 2202 ‘tereti
1347 2176 1440 2213 genu
1480 2176 1668 2214 parvoque
1707 2176 1829 2213 neque
1869 2165 2054 2201 introrsus
2093 2162 2306 2211 spectanti':
2363 2170 2444 2199 uter

302 2236 439 2273 rectius
478 2236 605 2283 egerit,
644 2235 784 2273 dubito.
841 2235 1030 2273 Iucundus
1060 2236 1144 2273 olim
1177 2242 1213 2273 et
1240 2236 1271 2274 J.
1293 2236 1336 2273 G.
1358 2235 1563 2273 Schneider
1593 2236 1701 2273 etiam
1741 2236 1799 2273 hic
1828 2235 2001 2273 Varronis
2041 2240 2254 2272 contextum
2285 2246 2303 2270 e
2333 2233 2443 2271 Colu—

304 2307 412 2344 mella
443 2307 641 2343 emendare
671 2306 913 2344 studuerunt:
957 2317 1054 2343 nuuc
1083 2306 1109 2344 C
1140 2318 1225 2344 vero
1254 2306 1413 2344 Reatino
1442 2307 1638 2344 succurrit.
1696 2305 1962 2355 Antiquissima
1994 2311 2103 2348 extat,
2143 2304 2180 2342 ni
2209 2304 2324 2347 fallor,
2363 2304 2442 2341 dis-

302 2376 487 2426 crepantia
517 2376 555 2414 in
585 2375 630 2421 3,
666 2376 728 2414 ubi
760 2376 872 2414 Varro
903 2376 1108 2426 fratresque
1139 2376 1215 2414 eius
1251 2377 1377 2415 oculos
1405 2373 1684 2421 MEAANAC,
1725 2376 1852 2414 Simon
1886 2375 2089 2425 Xenophon
2121 2375 2337 2423 (Palladius)
2366 2375 2442 2411 fere

301 2444 586 2486 MEI'AAOTC
624 2446 822 2497 postulant,
862 2447 960 2496 quod
1001 2447 1217 2496 praeferam,
1256 2458 1339 2484 cum
1380 2448 1424 2483 de
1459 2447 1583 2484 colore
1620 2454 1784 2485 ceterum
1824 2452 1983 2483 taceant:
2025 2457 2251 2494 quamquam
2291 2446 2440 2493 cogitari

302 2523 426 2567 potest
456 2518 492 2553 in
522 2516 713 2553 communi
742 2516 845 2553 fonte
874 2517 1080 2565 posteriore
1111 2522 1310 2564 utrumque
1349 2517 1543 2565 probatum
1579 2517 1705 2553 fuisse.
1764 2519 1804 2553 At
1841 2516 1864 2552 9
1897 2516 2008 2552 Varro
2047 2517 2128 2563 plus
2166 2516 2245 2552 aliis
2284 2515 2442 2552 testibus

303 2593 495 2636 praestans
516 2583 703 2637 *ἁπαλὴν
730 2598 795 2635 per
815 2585 1073 2624 ‘subtenuibus
1102 2585 1235 2629 saetis'‚
1263 2582 1505 2636 ‘odkots'qav'
1534 2598 1597 2635 per
1624 2585 1838 2634 ‘subcrispa'
1865 2585 2129 2633 interpretatus
2157 2584 2285 2622 ‘fusco'
2308 2584 2353 2621 de
2376 2596 2442 2622 suo

303 2657 486 2697 addidisse
526 2656 687 2695 videtur:
728 2656 858 2702 invita,
896 2661 937 2695 ut
976 2656 1125 2706 opinor,
1165 2655 1342 2702 Minerva,
1381 2667 1464 2693 cum
1504 2666 1579 2693 non
1619 2656 1664 2692 de
1702 2655 1806 2693 fusco
1845 2666 1940 2704 equo
1979 2654 2084 2691 verba
2125 2655 2241 2691 faciat.
2302 2655 2440 2691 Ibidem

301 2734 338 2766 et
371 2728 415 2765 18
453 2739 539 2765 eum
578 2727 789 2776 diligentius
828 2727 978 2776 vestigia
1008 2727 1211 2776 scriptoris,
1241 2738 1351 2776 quem
1383 2734 1530 2764 secutus
1561 2733 1627 2769 est,
1667 2732 1873 2763 servantem
1905 2725 2124 2771 videmus2).
2184 2725 2285 2762 ldem
2317 2726 2361 2762 de
2392 2724 2441 2761 27

300 2798 500 2837 dicendum
529 2804 596 2843 est,
626 2810 848 2848 quamquam
876 2799 948 2836 hoc
974 2798 1189 2836 lacunosum
1219 2804 1286 2835 est.

478 2927 505 2967 ¹)
528 2926 566 2958 de
590 2925 731 2959 confusia
755 2925 937 2969 participiis
961 2923 1260 2968 προσεσταλμένος
1283 2928 1315 2954 et
1339 2923 1612 2967 προεσῐαλμένος
1633 2923 1728 2964 (quod
1759 2923 1853 2953 nihili
1884 2924 1948 2961 est)
1979 2927 2064 2953 recte
2093 2927 2197 2953 actum
2235 2924 2265 2953 in
2291 2923 2443 2963 Stephani

299 2981 464 3012 Thesauro
488 2991 512 3012 s.
534 2992 565 3012 v.
589 2981 815 3024 προσστέλλω.

479 3032 506 3073 ²)
531 3033 661 3066 Rom-i
683 3034 861 3076 scriptores
885 3032 1046 3069 ‘dznlofic'
1068 3033 1163 3065 auxie
1187 3042 1243 3074 per
1267 3032 1402 3074 ‘duplex'
1427 3031 1649 3063 reddiderunt:
1682 3031 1817 3063 Servius
1841 3031 1936 3070 Verg.
1956 3030 2072 3070 Georg.
2092 3031 2130 3062 87
2155 3031 2297 3072 explicat
2319 3033 2384 3062 ‘aut
2409 3040 2444 3062 re

301 3097 378 3120 vera
407 3088 523 3131 duplex
555 3093 610 3120 aut
632 3086 719 3120 lata'.
764 3088 828 3119 Hoc
852 3089 943 3119 unice
969 3097 1077 3120 verum
1103 3091 1444 3131 esseconseutaneum
1469 3091 1535 3126 est,
1564 3085 1603 3116 cf.
1630 3086 1764 3127 Apsyrti
1788 3086 1825 3116 de
1850 3086 1934 3116 asini
1958 3085 2057 3116 forma
2083 3086 2199 3125 optima
2225 3084 2251 3115 G
2269 3085 2309 3116 54
2334 3084 2445 3117 νῶτον

2134 3139 2176 3172 3*
