2782 3269
1241 82 1519 123 ..21-

311 196 492 242 oporteat,
520 191 771 242 pulcherrime
800 193 947 241 quidem
969 193 1128 243 Vergilio
1150 199 1228 232 vate
1256 193 1422 232 absoluta
1453 192 1532 231 est’.
1572 192 1716 240 Vergilii
1745 191 2032 239 descriptionem
2064 198 2105 228 ut
2132 192 2243 228 bomo
2265 191 2451 228 Romanus

311 263 461 312 elegans
489 274 531 300 ac
561 273 637 300 non
670 268 710 299 ut
739 274 865 301 rerum
897 264 1120 301 naturalium
1151 264 1293 314 peritus
1321 264 1418 301 iusto
1448 263 1564 313 pluris
1592 263 1692 300 fecit.
1741 262 1823 310 lpse
1851 261 1934 299 silet
1962 262 2006 298 de
2035 262 2119 310 equi
2149 262 2279 306 forma,
2309 262 2448 299 etenim

311 333 450 382 pergit:
480 334 556 371 ‘sed
585 339 624 370 et
651 343 718 369 nos
748 333 908 370 diximus
937 333 973 371 in
1004 334 1098 371 libro
1127 335 1173 371 de
1202 334 1421 371 iaculatione
1450 333 1611 381 equestri
1633 332 1795 375 condito,
1825 338 1862 368 et
1890 332 1967 369 sere
1996 332 2093 368 inter
2122 343 2253 368 omnes
2281 339 2452 369 constare

313 404 442 442 video'.
498 403 606 449 Quod
636 403 682 440 de
710 414 896 441 consensu
926 403 1093 441 omnium
1124 405 1187 448 ait,
1225 416 1336 453 quam
1371 410 1473 441 recte
1502 403 1640 440 dictum
1671 403 1730 447 sit,
1771 414 1872 440 nunc
1909 401 2180 450 cognoscimus.
2240 401 2283 439 Et
2312 401 2453 439 Plinius

313 474 461 524 quidem
493 474 615 511 minor
643 486 701 523 ep.
723 473 814 511 1115
845 473 889 511 de
919 472 989 511 isto
1017 474 1188 512 avunculi
1219 473 1329 519 libro,
1368 485 1476 523 quem
1516 473 1576 511 ille
1607 473 1766 523 primum
1798 471 1965 521 scripsit,
2003 471 2139 514 mnne.
2177 472 2317 521 inquit,
2356 476 2452 509 ‘cum

313 544 522 594 praefectus
550 545 625 582 alae
654 544 838 588 militaret,
868 543 946 592 pari
974 544 1122 591 ingenio
1151 555 1313 593 curaque
1342 544 1570 594 composuit’.
1629 546 1673 581 At
1703 555 1745 581 ex
1775 544 1878 585 libro,
1908 543 1937 580 si
1967 548 2119 587 extaret,
2149 542 2194 579 de
2222 542 2307 591 equi
2335 542 2454 579 forma

313 621 413 653 certe
444 615 533 652 nihil
563 614 644 651 novi
674 613 914 659 disceremus,
953 614 1038 662 quia
1069 620 1195 652 auctor
1223 615 1304 652 sine
1332 615 1445 652 dubio
1474 627 1517 651 ex
1545 615 1675 651 eodem
1706 614 1811 651 fonte
1840 620 1949 662 atque
1979 613 2089 650 ceteri
2119 612 2270 649 biberat.
2329 612 2455 660 Neque

312 685 470 734 posteris
500 684 620 733 poetis
649 684 852 732 descriptio
874 684 1076 732 Vergiliana
1108 685 1261 734 probata
1290 691 1364 722 est:
1394 685 1480 723 alias
1509 685 1685 734 praebent
1715 690 1833 728 notas,
1865 695 1955 732 quas
1985 683 2179 732 plerasque
2200 694 2244 719 ex
2267 681 2455 730 Diophane

314 760 569 805 sumpserunt.
627 754 672 792 Et
713 754 867 793 tradunt
904 754 1145 803 paucissimas
1174 754 1409 805 Calpurnius,
1446 755 1571 805 plures
1601 754 1858 797 Nemesianus,
1898 753 2075 802 plurimas
2105 751 2349 802 Oppianus1),
2393 752 2454 800 qui

314 832 478 864 vocatur.
518 824 611 871 Quid
642 824 740 874 quod
771 824 800 862 is
830 825 1028 862 nonnullas
1058 825 1208 863 adhibet
1237 826 1292 864 vel
1321 838 1340 864 a
1363 826 1525 864 Varrone
1556 825 1755 863 Columella
1785 831 1941 873 spretas,
1970 830 2012 861 ut
2039 830 2104 860 aut
2132 823 2174 859 ad
2202 822 2319 871 ipsius
2341 821 2453 858 Cassii

314 895 479 946 Dionysii
509 906 605 943 opus
634 895 786 932 rediisse
816 900 878 931 aut
908 895 1154 944 Diophaneam
1184 897 1471 946 descriptionem
1501 896 1629 933 alienis
1658 895 1941 945 amplificavisse
1971 894 2182 931 censendus
2211 891 2287 929 sit?

495 965 635 1001 Diutius
666 977 734 1001 nos
764 972 958 1002 morantur
986 966 1013 1002 C
1042 972 1079 1002 et
1107 967 1328 1014 Geoponica,
1359 979 1452 1015 quae
1480 979 1551 1014 qua
1584 966 1856 1004 necessitudine
1884 966 1981 1002 inter
2009 977 2049 1001 se
2078 964 2202 1001 iuncta
2231 963 2319 1006 sint,
2357 973 2455 999 nunc

315 1035 608 1074 consideremus.
648 1036 767 1084 Atque
795 1040 947 1084 apparet
977 1047 1096 1084 neque
1127 1035 1153 1073 C
1182 1047 1224 1073 ex
1245 1035 1465 1085 Geoponicis
1495 1047 1559 1073 sua
1591 1036 1757 1074 hausisse
1786 1046 1906 1085 neque
1935 1033 2144 1083 Geoponica
2174 1044 2193 1070 a
2221 1032 2247 1070 C
2276 1030 2455 1081 pendere,

316 1116 402 1143 nam
434 1104 625 1153 utriusque
655 1115 729 1141 non
759 1116 873 1154 pauca
902 1105 1048 1155 propria
1078 1111 1178 1142 sunt.
1225 1105 1489 1154 Compilatores
1521 1117 1604 1142 vero
1632 1106 1723 1142 istos
1754 1106 1832 1142 eius
1863 1105 2053 1153 prosapiae
2083 1110 2119 1140 et
2149 1103 2296 1139 infimae
2325 1101 2454 1137 aetatis

314 1175 415 1225 ipsos
445 1174 647 1223 Diophanis
676 1175 877 1223 epitomam
908 1175 1030 1223 digitis
1060 1176 1217 1212 volvisse
1250 1177 1404 1213 omnino
1433 1176 1647 1212 incredibile
1677 1181 1745 1212 est.
1802 1176 1920 1212 lmmo
1960 1175 2047 1223 equi
2085 1172 2372 1221 descriptionem
2411 1171 2456 1208 iis

314 1257 382 1296 per
410 1246 568 1282 eundem
602 1245 831 1289 Anatolium,
871 1246 914 1283 ad
953 1257 1063 1295 quem
1094 1247 1293 1295 fragmenta
1324 1245 1426 1283 2-5
1457 1245 1598 1289 rettuli,
1636 1246 1907 1296 suppeditatam
1939 1256 2019 1283 esse
2048 1244 2120 1282 iam
2151 1242 2243 1280 dixi:
2289 1241 2456 1279 videlicet

314 1317 394 1365 ipse
437 1321 566 1353 auctor
609 1317 646 1354 in
689 1316 795 1353 initio
824 1316 1020 1364 fragmenti
1050 1317 1201 1354 alterius
1230 1329 1339 1366 supra
1370 1330 1404 1366 p.
1427 1318 1461 1361 5,
1484 1317 1507 1354 6
1537 1318 1699 1366 legentes
1727 1317 1865 1364 relegat
1894 1316 1937 1353 ad
1969 1321 2098 1364 caput,
2143 1314 2240 1363 quod
2281 1314 2327 1350 de
2371 1312 2455 1361 equi

314 1386 430 1423 forma
459 1386 660 1436 scripserit.
720 1386 789 1423 Res
820 1386 930 1435 igitur
959 1386 1049 1423 nulli
1078 1386 1297 1425 dubitationi
1328 1388 1485 1425 obnoxia
1516 1393 1590 1425 est:
1630 1399 1670 1424 ea
1701 1398 1786 1435 ergo
1815 1398 1908 1436 quae
1939 1386 1965 1423 C
2004 1397 2089 1422 cum
2119 1385 2232 1434 Geop.
2262 1383 2340 1420 XVI
2365 1384 2382 1419 1
2416 1383 2453 1419 in

314 1456 435 1492 tabula
467 1456 678 1492 communia
708 1456 863 1499 habent,
902 1457 1068 1492 Anatolio
1099 1457 1312 1493 vindicanda
1342 1464 1442 1495 sunt.
1501 1459 1545 1493 At
1574 1458 1738 1504 quaestio
1767 1457 1902 1500 oritur,
1943 1457 2041 1493 unde
2070 1456 2097 1492 C
2131 1455 2327 1501 fragmenti
2360 1455 2453 1490 sexti

316 1533 352 1562 et
380 1525 526 1562 initium
557 1531 594 1561 et
622 1525 821 1561 clausulam
852 1526 1065 1574 sumpserit.
1107 1527 1225 1575 Atque
1253 1527 1455 1564 clausulam
1485 1527 1571 1564 inde
1599 1538 1617 1563 a
1641 1522 1810 1563 ἑστάναι
1840 1525 2090 1575 incipientem,
2121 1524 2297 1574 quoniam
2320 1521 2453 1561 similia

318 1600 426 1643 atque
452 1594 734 1643 frg.1praebet.
765 1594 835 1631 iam
864 1605 974 1643 supra
1002 1595 1118 1634 attuli.
1168 1595 1287 1633 Prima
1314 1601 1438 1632 autem
1463 1595 1570 1632 verba
1597 1595 1877 1633 considerantes
1904 1597 1946 1632 ad
1967 1595 2216 1643 fragmentum
2252 1593 2453 1642 septimum

315 1665 538 1707 ttendimns,
569 1664 605 1700 in
637 1675 711 1713 quo
741 1664 993 1701 desideramus
1022 1665 1192 1708 verbum,
1231 1677 1249 1702 a
1280 1677 1365 1714 quo
1395 1665 1620 1702 accusativus
1651 1664 1738 1709 (τὸν
1766 1663 1813 1701 δὲ
1841 1663 2024 1709 σκολιὸν)
2056 1664 2230 1712 pendeat:
2272 1675 2315 1699 ex
2345 1669 2453 1698 ante-

317 1734 479 1771 cedentis
508 1734 706 1782 particulae
735 1734 839 1770 initio
868 1734 956 1770 illud
987 1734 1169 1771 divulsum
1202 1747 1282 1771 esse
1311 1742 1347 1771 et
1377 1747 1441 1784 per
1470 1748 1510 1772 se
1539 1736 1676 1772 clarum
1709 1742 1763 1772 est
1793 1742 1829 1772 et
1858 1747 1901 1772 ex
1922 1734 2163 1772 celeberrimo
2184 1732 2346 1771 Platonis
2374 1733 2453 1769 loeo

318 1804 512 1846 evincitur,
543 1815 651 1853 quem
674 1803 700 1841 C
729 1804 931 1852 exscripsit.
987 1804 1045 1842 Ait
1076 1805 1173 1842 enim
1205 1804 1349 1842 divinus
1378 1805 1618 1854 philosophus
1646 1805 1691 1842 de
1721 1817 1816 1853 equo
1846 1804 1946 1842 bono
1972 1810 2008 1842 et
2035 1804 2193 1852 maligno
2220 1804 2256 1840 in
2284 1803 2454 1841 Phaedro

318 1874 424 1912 253d
454 1874 513 1911 ed.
543 1874 687 1912 Schanz
718 1873 825 1912 haec:

496 1940 518 1983 ὁ
548 1942 624 1995 μὲν
651 1944 791 1983 τοίνυν
819 1937 965 1982 αὐτοῖν
993 1941 1036 1983 ἐν
1064 1943 1111 1998 τῇ
1141 1940 1326 1983 καλλίονι
1357 1941 1499 1983 στάσει
1530 1943 1586 1984 ὧν
1604 1943 1651 1984 τό
1679 1958 1720 1982 τε
1750 1943 1861 1990 εἶδος
1881 1941 2013 1995 ὀρθὸς
2033 1944 2101 1981 καὶ
2122 1942 2453 1994 διηρθρωμένος,

316 2011 521 2064 ὑψαύχην,
557 2013 802 2062 ἕπίγρυπος,
842 2013 982 2058 λευκὸς
1013 2014 1134 2060 ἰδεῖν,
1173 2013 1503 2064 μελανόμμιατος,
1542 2017 1660 2065 τιμῆς
1689 2014 1859 2064 ἐραστὴς
1888 2014 1990 2064 μετὰ
2018 2012 2286 2064 σωφροσύνης
2315 2027 2357 2050 τε
2387 2014 2454 2049 καὶ

317 2082 465 2129 αἰδοῦς
493 2082 560 2121 καὶ
592 2079 797 2134 ἀληθινῆς
825 2081 946 2134 δόξης
973 2079 1150 2134 ἑταῖρος,
1191 2083 1397 2136 ἄπληκτος
1425 2083 1667 2135 κελεύσματι
1699 2086 1766 2131 (sic
1796 2091 1826 2130 t,
1865 2085 2086 2123 Heraclitus:
2127 2080 2341 2133 κελεύματι
2374 2082 2455 2129 ΒΤ)

316 2148 447 2204 μόνον
476 2153 544 2191 καὶ
574 2150 681 2204 λόγῳ
712 2153 953 2204 ἠνιοχεῒται.
1011 2152 1033 2193 ὁ
1068 2153 1111 2193 δ’
1140 2151 1193 2193 αὖ
1223 2153 1404 2201 σκολιός,
1434 2152 1579 2201 πολύς,
1620 2155 1707 2209 εἰκῇ
1737 2156 2124 2206 συμπεφορημένος,
2163 2152 2454 2203 κρατεραύχην,

314 2219 664 2273 βραχυτροὶχηλος,
694 2221 1040 2273 σιμοπρόσωπος,
1070 2222 1321 2274 μελάγχρως,
1350 2223 1680 2274 γλαυκόμωαιος,
1711 2222 1909 2275 ὕφαιμος,
1940 2222 2092 2273 ὕβρεως
2114 2225 2182 2261 καὶ
2204 2221 2456 2267 diacoma,-

316 2291 494 2344 ἑταῖρος,
526 2292 622 2343 περὶ
652 2289 735 2331 ὦτα
763 2291 924 2340 λάσιος,
954 2293 1092 2346 κωφός
1121 2292 1400 2345 (λασιόκωφος
1429 2295 1469 2341 Β,
1498 2295 1666 2340 Photius,
1698 2295 1908 2345 Synesius)‚
1947 2293 2120 2345 μάστιγι
2149 2293 2251 2344 μετὰ
2279 2294 2456 2342 κέντρων

315 2361 439 2413 μόγις
468 2361 662 2401 ὑπείκων.

496 2433 598 2479 Quae
627 2434 674 2471 ita
704 2433 742 2470 in
771 2433 987 2482 fragmentis
1017 2433 1382 2483 Cantabrigiensihus
1424 2434 1600 2479 redeunt,
1644 2440 1683 2472 ut
1727 2446 1802 2473 non
1846 2436 1984 2480 desint,
2027 2435 2095 2472 nisi
2134 2445 2228 2484 quae
2266 2434 2368 2471 Plato
2411 2432 2455 2469 de

498 2535 519 2572 ¹)
542 2535 703 2576 Oppianus
730 2538 757 2574 1,
782 2536 811 2574 2,
835 2536 865 2575 3,
889 2536 908 2567 6
932 2546 1010 2577 quae
1035 2536 1168 2578 profert,
1201 2547 1269 2568 cum
1301 2547 1340 2568 ne
1364 2538 1443 2579 apud
1470 2538 1625 2568 Simonem
1650 2537 1774 2578 quidem
1799 2537 2077 2578 Xenophontemve
2101 2538 2303 2578 reperiantur
2326 2536 2453 2566 aliunde

314 2594 410 2630 atqua
433 2598 472 2620 ex
498 2589 658 2629 Diophane
681 2599 736 2621 eas
760 2595 852 2621 notas
875 2591 1019 2632 sumpsit.
1057 2591 1279 2632 Descriptione
1304 2592 1391 2623 linita
1418 2602 1446 2622 v.
1468 2593 1525 2624 196
1550 2593 1597 2623 ait
1617 2594 1783 2634 Τυρσηνοὶ
1807 2591 1931 2623 τοιοίδε
1953 2593 2009 2623 καὶ
2032 2590 2205 2633 Ἀρμένιοι
2228 2592 2285 2621 καὶ
2303 2586 2452 2630 Ἀχαιοίί

313 2637 554 2676 Καππαδόκαι
576 2653 609 2675 τε
632 2644 747 2675 κλυῐοὶ
774 2642 910 2687 Ταύρου
934 2643 1174 2689 προπάροιθε·
1200 2647 1378 2687 νέμονταιε
1403 2648 1483 2688 quod
1509 2648 1573 2678 noli
1597 2656 1724 2687 urgere,
1751 2656 1818 2677 nam
1843 2656 1872 2677 v.
1890 2645 1947 2677 173
1971 2649 2137 2685 autequam
2163 2645 2296 2684 incipiat
2319 2643 2453 2681 legimus

314 2697 426 2728 ἵππον
448 2696 482 2728 δ’
499 2696 534 2729 ἐν
551 2697 715 2728 παντέσσι
739 2699 931 2739 πανέξοχον
955 2693 1173 2740 ἐφράσσαντο
1194 2700 1199 2739 l
1219 2700 1357 2741 ἴδμονες
1380 2697 1614 2742 ἱπποδρόμων
1630 2701 1685 2731 καὶ
1709 2700 1897 2739 βουκολίων
1912 2699 2067 2739 ἐπίουροι
2087 2704 2091 2735 1
2111 2697 2235 2729 εἴδεσιν
2251 2694 2288 2731 ὃς
2304 2699 2455 2727 τοίοισιν

314 2750 399 2784 ὅλον
433 2751 535 2793 δέμας
567 2745 811 2793 ἐστεφάνωται.
857 2752 956 2785 Unum
992 2754 1108 2792 igitur,
1143 2755 1224 2795 quod
1254 2755 1285 2785 in
1312 2761 1422 2786 nostra
1446 2755 1554 2786 tabula
1579 2758 1851 2796 repraesentatum
1877 2753 2035 2790 videmus,
2070 2752 2279 2783 clarissimum
2303 2759 2453 2792 equorum

314 2815 414 2844 genus
447 2805 579 2837 extabat
613 2815 653 2836 ex
685 2806 822 2836 diversis
858 2807 1041 2838 nationibus
1066 2815 1178 2843 ‘ortum
1214 2812 1248 2839 et
1275 2810 1461 2848 conflatum,
1494 2818 1626 2849 quocum
1651 2808 1811 2838 consentit
1834 2806 2059 2844 Nemesianus,
2094 2807 2147 2846 qui
2182 2816 2200 2836 a
2224 2805 2348 2836 Graeco
2374 2815 2452 2845 equo

313 2860 468 2901 postulet,
490 2864 527 2891 nt
549 2864 640 2890 notas
657 2861 874 2900 Cappadocum
899 2860 1029 2892 reserat.
1062 2861 1111 2892 Ex
1129 2862 1205 2892 Asia
1230 2863 1331 2900 igitur
1355 2863 1480 2893 nobiles
1504 2863 1577 2902 equi
1601 2863 1638 2893 ad
1663 2871 1761 2901 genus
1787 2859 1963 2892 faciendum
1988 2859 2128 2892 fortasse
2145 2861 2206 2891 ian
2223 2865 2296 2891 ante
2313 2860 2452 2890 Simonis

313 2918 456 2954 tempora
492 2913 523 2943 in
559 2911 728 2944 Graeciam
763 2914 852 2944 missi
888 2919 971 2945 aunt.
1024 2914 1185 2946 Notabilis
1220 2912 1323 2947 autem
1358 2916 1572 2956 discrepantia
1609 2916 1645 2953 8,
1680 2915 1733 2946 ubi
1767 2914 1824 2945 alii
1858 2919 2007 2945 auctores
2042 2915 2106 2945 alia
2142 2912 2317 2954 proferunt.
2364 2912 2454 2943 Fieri

313 2971 435 3008 pote-t,
470 2971 505 2997 ut
528 2967 580 2998 hic
602 2967 740 3006 singulis
764 2967 902 2998 testibus
927 2968 1056 2999 diversa
1080 2978 1228 3009 equorum
1252 2979 1370 3009 genera
1395 2974 1469 3000 ante
1493 2970 1602 3000 oculos
1626 2970 1794 3000 obversata
1819 2969 1901 3007 sint,
1935 2978 2003 2999 cum
2033 2969 2147 2999 cervix
2177 2969 2287 3008 equina
2318 2967 2454 2998 maxime

315 3021 485 3061 conspicua
520 3021 578 3052 sit:
613 3026 647 3052 et
670 3021 862 3062 Diophanem
887 3022 939 3052 vel
964 3022 1148 3063 Dionysium
1182 3033 1273 3054 unum
1310 3024 1389 3055 illud
1425 3033 1524 3062 genus
1556 3033 1706 3064 equorum
1734 3023 1908 3055 Asiaticum
1934 3023 2131 3054 Graec-uve
2167 3022 2349 3054 describere
2373 3022 2454 3053 satia

314 3075 465 3106 habilina
488 3074 543 3106 vix
568 3074 725 3106 credibile
749 3079 809 3106 est.
