<?xml version="1.0" encoding="UTF-8"?>
<!DOCTYPE html PUBLIC "-//W3C//DTD XHTML 1.0 Transitional//EN"
    "http://www.w3.org/TR/xhtml1/DTD/xhtml1-transitional.dtd">
<html xmlns="http://www.w3.org/1999/xhtml" xml:lang="en" lang="en">
 <head>
  <title>
</title>
<meta http-equiv="Content-Type" content="text/html;charset=utf-8" />
  <meta name='ocr-system' content='tesseract 3.04.00' />
  <meta name='ocr-capabilities' content='ocr_page ocr_carea ocr_par ocr_line ocrx_word'/>
</head>
<body>
  <div class='ocr_page' id='page_1' title='image "4764227_0015.png"; bbox 0 0 2782 3269; ppageno 0'>
   <div class='ocr_carea' id='block_1_1' title="bbox 255 1137 291 1168">
    <p class='ocr_par' dir='ltr' id='par_1_1' title="bbox 255 1137 291 1168">
     <span class='ocr_line' id='line_1_1' title="bbox 255 1137 291 1168; baseline 0 0"><span class='ocrx_word' id='word_1_1' title='bbox 255 1137 291 1168; x_wconf 89' lang='grc'><em>10</em></span> 
     </span>
    </p>
   </div>
   <div class='ocr_carea' id='block_1_2' title="bbox 254 1489 291 1519">
    <p class='ocr_par' dir='ltr' id='par_1_2' title="bbox 254 1489 291 1519">
     <span class='ocr_line' id='line_1_2' title="bbox 254 1489 291 1519; baseline 0 0"><span class='ocrx_word' id='word_1_2' title='bbox 254 1489 291 1519; x_wconf 89' lang='grc'><em>15</em></span> 
     </span>
    </p>
   </div>
   <div class='ocr_carea' id='block_1_3' title="bbox 250 1837 289 1867">
    <p class='ocr_par' dir='ltr' id='par_1_3' title="bbox 250 1837 289 1867">
     <span class='ocr_line' id='line_1_3' title="bbox 250 1837 289 1867; baseline 0 0"><span class='ocrx_word' id='word_1_3' title='bbox 250 1837 289 1867; x_wconf 87' lang='grc'><em>20</em></span> 
     </span>
    </p>
   </div>
   <div class='ocr_carea' id='block_1_4' title="bbox 249 2185 289 2214">
    <p class='ocr_par' dir='ltr' id='par_1_4' title="bbox 249 2185 289 2214">
     <span class='ocr_line' id='line_1_4' title="bbox 249 2185 289 2214; baseline 0 0"><span class='ocrx_word' id='word_1_4' title='bbox 249 2185 289 2214; x_wconf 87' lang='grc'><em>25</em></span> 
     </span>
    </p>
   </div>
   <div class='ocr_carea' id='block_1_5' title="bbox 334 203 2474 253">
    <p class='ocr_par' dir='ltr' id='par_1_5' title="bbox 334 203 2474 253">
     <span class='ocr_line' id='line_1_5' title="bbox 334 203 2474 253; baseline -0.001 -10"><span class='ocrx_word' id='word_1_5' title='bbox 334 203 464 243; x_wconf 78' lang='lat' dir='ltr'>fulcire</span> <span class='ocrx_word' id='word_1_6' title='bbox 505 205 631 244; x_wconf 73' lang='lat' dir='ltr'>studui</span> <span class='ocrx_word' id='word_1_7' title='bbox 661 226 712 232; x_wconf 87' lang='lat'>—</span> <span class='ocrx_word' id='word_1_8' title='bbox 742 205 908 244; x_wconf 77' lang='lat' dir='ltr'>mutilata</span> <span class='ocrx_word' id='word_1_9' title='bbox 948 217 1031 243; x_wconf 81' lang='lat' dir='ltr'>esse</span> <span class='ocrx_word' id='word_1_10' title='bbox 1075 206 1252 244; x_wconf 83' lang='lat' dir='ltr'>videatur.</span> <span class='ocrx_word' id='word_1_11' title='bbox 1308 205 1400 251; x_wconf 87' lang='lat' dir='ltr'>Quis</span> <span class='ocrx_word' id='word_1_12' title='bbox 1431 205 1539 243; x_wconf 81' lang='lat' dir='ltr'>verba</span> <span class='ocrx_word' id='word_1_13' title='bbox 1570 203 1830 243; x_wconf 69' lang='lat' dir='ltr'>v1·tusti‹iilius</span> <span class='ocrx_word' id='word_1_14' title='bbox 1859 204 2048 252; x_wconf 80' lang='lat' dir='ltr'>scriptoris</span> <span class='ocrx_word' id='word_1_15' title='bbox 2078 203 2309 253; x_wconf 72' lang='lat' dir='ltr'>compilator-i</span> <span class='ocrx_word' id='word_1_16' title='bbox 2337 204 2474 241; x_wconf 74' lang='lat' dir='ltr'>Canta-</span> 
     </span>
    </p>
   </div>
   <div class='ocr_carea' id='block_1_6' title="bbox 335 273 1305 326">
    <p class='ocr_par' dir='ltr' id='par_1_6' title="bbox 335 273 1305 326">
     <span class='ocr_line' id='line_1_6' title="bbox 335 273 1305 326; baseline 0 -13"><span class='ocrx_word' id='word_1_17' title='bbox 335 273 513 322; x_wconf 69' lang='lat' dir='ltr'>brigiensi</span> <span class='ocrx_word' id='word_1_18' title='bbox 539 274 842 326; x_wconf 74' lang='lat' dir='ltr'>suppeditaverit,</span> <span class='ocrx_word' id='word_1_19' title='bbox 869 275 1141 315; x_wconf 79' lang='lat' dir='ltr'>sciscitabimur</span> <span class='ocrx_word' id='word_1_20' title='bbox 1167 281 1305 326; x_wconf 79' lang='lat' dir='ltr'>postea.</span> 
     </span>
    </p>
   </div>
   <div class='ocr_carea' id='block_1_7' title="bbox 1372 395 1441 444">
    <p class='ocr_par' dir='ltr' id='par_1_7' title="bbox 1372 395 1441 444">
     <span class='ocr_line' id='line_1_7' title="bbox 1372 395 1441 444; baseline -0.014 0"><span class='ocrx_word' id='word_1_21' title='bbox 1372 395 1441 444; x_wconf 90' lang='lat'><em>11.</em></span> 
     </span>
    </p>
   </div>
   <div class='ocr_carea' id='block_1_8' title="bbox 331 485 1373 2513">
    <p class='ocr_par' dir='ltr' id='par_1_8' title="bbox 334 485 1372 606">
     <span class='ocr_line' id='line_1_8' title="bbox 334 485 1372 540; baseline -0.002 -10"><span class='ocrx_word' id='word_1_22' title='bbox 334 486 362 530; x_wconf 74' lang='grc' dir='ltr'><strong><em>ὓ</em></strong></span> <span class='ocrx_word' id='word_1_23' title='bbox 386 500 422 538; x_wconf 87' lang='lat' dir='ltr'><em>p.</em></span> <span class='ocrx_word' id='word_1_24' title='bbox 441 490 474 527; x_wconf 88' lang='lat'><em>1.</em></span> <span class='ocrx_word' id='word_1_25' title='bbox 508 485 660 528; x_wconf 83' lang='grc' dir='ltr'><em>’[ππου</em></span> <span class='ocrx_word' id='word_1_26' title='bbox 680 485 849 537; x_wconf 82' lang='grc' dir='ltr'><em>ὀχευτοῦ</em></span> <span class='ocrx_word' id='word_1_27' title='bbox 870 487 1023 533; x_wconf 81' lang='grc' dir='ltr'><em>ἔκλεξις</em></span> <span class='ocrx_word' id='word_1_28' title='bbox 1042 487 1112 527; x_wconf 83' lang='grc' dir='ltr'><em>καὶ</em></span> <span class='ocrx_word' id='word_1_29' title='bbox 1136 486 1283 540; x_wconf 84' lang='grc' dir='ltr'><strong><em>χρόνος</em></strong></span> <span class='ocrx_word' id='word_1_30' title='bbox 1301 489 1372 540; x_wconf 83' lang='grc' dir='ltr'><em>τῆς</em></span> 
     </span>
     <span class='ocr_line' id='line_1_9' title="bbox 781 555 934 606; baseline -0.007 -10"><span class='ocrx_word' id='word_1_31' title='bbox 781 555 934 606; x_wconf 90' lang='grc' dir='ltr'><em>ὀχείας.</em></span> 
     </span>
    </p>

    <p class='ocr_par' dir='ltr' id='par_1_9' title="bbox 331 639 1373 2513">
     <span class='ocr_line' id='line_1_10' title="bbox 409 639 1371 697; baseline 0.001 -14"><span class='ocrx_word' id='word_1_32' title='bbox 409 641 455 683; x_wconf 91' lang='grc' dir='ltr'>Ὁ</span> <span class='ocrx_word' id='word_1_33' title='bbox 474 642 578 694; x_wconf 79' lang='grc' dir='ltr'><em>πρὸς</em></span> <span class='ocrx_word' id='word_1_34' title='bbox 601 643 675 696; x_wconf 78' lang='grc' dir='ltr'><em>τὴν</em></span> <span class='ocrx_word' id='word_1_35' title='bbox 695 639 837 693; x_wconf 88' lang='grc' dir='ltr'><em>ὀχείαν</em></span> <span class='ocrx_word' id='word_1_36' title='bbox 857 647 990 690; x_wconf 87' lang='grc' dir='ltr'><em>ἵππος</em></span> <span class='ocrx_word' id='word_1_37' title='bbox 1010 641 1249 697; x_wconf 76' lang='grc' dir='ltr'><em>ἐπιτήδειος</em></span> <span class='ocrx_word' id='word_1_38' title='bbox 1268 643 1371 684; x_wconf 77' lang='grc' dir='ltr'><em>ἔστω</em></span> 
     </span>
     <span class='ocr_line' id='line_1_11' title="bbox 335 710 1372 767; baseline 0.003 -15"><span class='ocrx_word' id='word_1_39' title='bbox 335 710 542 759; x_wconf 73' lang='grc' dir='ltr'><em>ἐπίδειξιν</em></span> <span class='ocrx_word' id='word_1_40' title='bbox 579 714 651 766; x_wconf 82' lang='grc' dir='ltr'><em>τῆς</em></span> <span class='ocrx_word' id='word_1_41' title='bbox 692 711 840 754; x_wconf 78' lang='grc' dir='ltr'><em>ἑαυτοῦ</em></span> <span class='ocrx_word' id='word_1_42' title='bbox 882 711 1026 767; x_wconf 79' lang='grc' dir='ltr'><em>ἀρετῆς</em></span> <span class='ocrx_word' id='word_1_43' title='bbox 1067 713 1372 767; x_wconf 76' lang='grc' dir='ltr'><em>ποιησιίμενοις</em></span> 
     </span>
     <span class='ocr_line' id='line_1_12' title="bbox 337 780 1373 835; baseline 0.003 -13"><span class='ocrx_word' id='word_1_44' title='bbox 337 783 501 835; x_wconf 80' lang='grc' dir='ltr'><em>νικητὴς</em></span> <span class='ocrx_word' id='word_1_45' title='bbox 524 783 720 835; x_wconf 83' lang='grc' dir='ltr'><em>πολέμων</em></span> <span class='ocrx_word' id='word_1_46' title='bbox 739 784 809 822; x_wconf 85' lang='grc' dir='ltr'><em>καὶ</em></span> <span class='ocrx_word' id='word_1_47' title='bbox 829 780 1002 833; x_wconf 77' lang='grc' dir='ltr'><em>ἀγώνων</em></span> <span class='ocrx_word' id='word_1_48' title='bbox 1021 786 1091 823; x_wconf 82' lang='grc' dir='ltr'><em>καὶ</em></span> <span class='ocrx_word' id='word_1_49' title='bbox 1111 785 1192 824; x_wconf 87' lang='grc' dir='ltr'><em>τῶν</em></span> <span class='ocrx_word' id='word_1_50' title='bbox 1210 785 1373 825; x_wconf 78' lang='grc' dir='ltr'><em>λοιπῶν</em></span> 
     </span>
     <span class='ocr_line' id='line_1_13' title="bbox 334 846 1368 908; baseline 0.004 -17"><span class='ocrx_word' id='word_1_51' title='bbox 334 850 536 902; x_wconf 74' lang='grc' dir='ltr'><em>ἀγωνιῶν,</em></span> <span class='ocrx_word' id='word_1_52' title='bbox 564 853 610 893; x_wconf 90' lang='grc' dir='ltr'><em>το“</em></span> <span class='ocrx_word' id='word_1_53' title='bbox 631 853 678 892; x_wconf 76' lang='grc' dir='ltr'><em>δὲ</em></span> <span class='ocrx_word' id='word_1_54' title='bbox 698 846 823 901; x_wconf 77' lang='grc' dir='ltr'><em>εἶδος,</em></span> <span class='ocrx_word' id='word_1_55' title='bbox 854 853 963 895; x_wconf 77' lang='grc' dir='ltr'><em>οἷον</em></span> <span class='ocrx_word' id='word_1_56' title='bbox 991 854 1368 908; x_wconf 73' lang='grc' dir='ltr'><em>προειρήκαμεν.</em></span> 
     </span>
     <span class='ocr_line' id='line_1_14' title="bbox 335 918 1370 978; baseline 0.002 -15"><span class='ocrx_word' id='word_1_57' title='bbox 335 921 557 976; x_wconf 80' lang='grc' dir='ltr'><em>πενταέτης</em></span> <span class='ocrx_word' id='word_1_58' title='bbox 594 923 644 977; x_wconf 83' lang='grc' dir='ltr'><em>δή</em></span> <span class='ocrx_word' id='word_1_59' title='bbox 685 918 805 970; x_wconf 83' lang='grc' dir='ltr'><em>οὗτος</em></span> <span class='ocrx_word' id='word_1_60' title='bbox 833 924 892 971; x_wconf 80' lang='grc' dir='ltr'><em>εἷς</em></span> <span class='ocrx_word' id='word_1_61' title='bbox 921 922 1060 975; x_wconf 88' lang='grc' dir='ltr'><em>ὀχείαν</em></span> <span class='ocrx_word' id='word_1_62' title='bbox 1089 925 1370 978; x_wconf 86' lang='grc' dir='ltr'><em>παραλαμβα-</em></span> 
     </span>
     <span class='ocr_line' id='line_1_15' title="bbox 335 993 1370 1047; baseline 0.004 -16"><span class='ocrx_word' id='word_1_63' title='bbox 335 993 475 1032; x_wconf 79' lang='grc' dir='ltr'><em>νέσθω</em></span> <span class='ocrx_word' id='word_1_64' title='bbox 515 994 585 1031; x_wconf 80' lang='grc' dir='ltr'><em>καὶ</em></span> <span class='ocrx_word' id='word_1_65' title='bbox 624 996 832 1033; x_wconf 75' lang='grc' dir='ltr'><em>παυέσθω</em></span> <span class='ocrx_word' id='word_1_66' title='bbox 860 996 931 1047; x_wconf 82' lang='grc' dir='ltr'><em>τῆς</em></span> <span class='ocrx_word' id='word_1_67' title='bbox 958 994 1241 1041; x_wconf 87' lang='grc' dir='ltr'><em>παιδοποιίας</em></span> <span class='ocrx_word' id='word_1_68' title='bbox 1269 998 1370 1035; x_wconf 86' lang='grc' dir='ltr'><em>εἴσω</em></span> 
     </span>
     <span class='ocr_line' id='line_1_16' title="bbox 336 1062 1370 1116; baseline 0.003 -15"><span class='ocrx_word' id='word_1_69' title='bbox 336 1062 561 1102; x_wconf 85' lang='grc' dir='ltr'><em>δεκαπέντε</em></span> <span class='ocrx_word' id='word_1_70' title='bbox 587 1063 704 1109; x_wconf 72' lang='grc' dir='ltr'><em>ἐτῶν,</em></span> <span class='ocrx_word' id='word_1_71' title='bbox 734 1063 920 1103; x_wconf 83' lang='grc' dir='ltr'><em>ἔστωσαν</em></span> <span class='ocrx_word' id='word_1_72' title='bbox 939 1065 987 1103; x_wconf 77' lang='grc' dir='ltr'><em>δὲ</em></span> <span class='ocrx_word' id='word_1_73' title='bbox 1006 1066 1076 1103; x_wconf 84' lang='grc' dir='ltr'><em>καὶ</em></span> <span class='ocrx_word' id='word_1_74' title='bbox 1095 1064 1140 1103; x_wconf 76' lang='grc' dir='ltr'><em>αἳ</em></span> <span class='ocrx_word' id='word_1_75' title='bbox 1160 1066 1370 1116; x_wconf 79' lang='grc' dir='ltr'><em>φορβάδες</em></span> 
     </span>
     <span class='ocr_line' id='line_1_17' title="bbox 336 1129 1369 1186; baseline 0.003 -15"><span class='ocrx_word' id='word_1_76' title='bbox 336 1132 417 1172; x_wconf 88' lang='grc' dir='ltr'><em>τῶν</em></span> <span class='ocrx_word' id='word_1_77' title='bbox 431 1129 567 1172; x_wconf 77' lang='grc' dir='ltr'><em>αὐτῶν</em></span> <span class='ocrx_word' id='word_1_78' title='bbox 581 1132 693 1173; x_wconf 76' lang='grc' dir='ltr'><em>ἐτῶν.</em></span> <span class='ocrx_word' id='word_1_79' title='bbox 715 1129 739 1184; x_wconf 81' lang='grc' dir='ltr'><em>ἦ</em></span> <span class='ocrx_word' id='word_1_80' title='bbox 755 1129 829 1174; x_wconf 87' lang='grc' dir='ltr'><em>οὖν</em></span> <span class='ocrx_word' id='word_1_81' title='bbox 838 1132 991 1186; x_wconf 79' lang='grc' dir='ltr'><em>θήλεια</em></span> <span class='ocrx_word' id='word_1_82' title='bbox 1007 1138 1140 1180; x_wconf 91' lang='grc' dir='ltr'><em>ἵππος</em></span> <span class='ocrx_word' id='word_1_83' title='bbox 1157 1134 1369 1186; x_wconf 78' lang='grc' dir='ltr'><em>ῖσχνοτέρα</em></span> 
     </span>
     <span class='ocr_line' id='line_1_18' title="bbox 336 1199 1371 1257; baseline 0.005 -17"><span class='ocrx_word' id='word_1_84' title='bbox 336 1199 456 1249; x_wconf 81' lang='grc' dir='ltr'><em>ἔστω,</em></span> <span class='ocrx_word' id='word_1_85' title='bbox 488 1204 558 1241; x_wconf 83' lang='grc' dir='ltr'><em>ἵνα</em></span> <span class='ocrx_word' id='word_1_86' title='bbox 586 1202 683 1254; x_wconf 83' lang='grc' dir='ltr'><em>περὶ</em></span> <span class='ocrx_word' id='word_1_87' title='bbox 712 1202 784 1256; x_wconf 80' lang='grc' dir='ltr'><em>την</em></span> <span class='ocrx_word' id='word_1_88' title='bbox 803 1200 1014 1256; x_wconf 78' lang='grc' dir='ltr'><em>ὑποδοχὴν</em></span> <span class='ocrx_word' id='word_1_89' title='bbox 1033 1204 1105 1243; x_wconf 87' lang='grc' dir='ltr'><em>τοῦ</em></span> <span class='ocrx_word' id='word_1_90' title='bbox 1134 1205 1371 1257; x_wconf 83' lang='grc' dir='ltr'><em>σπέρματος</em></span> 
     </span>
     <span class='ocr_line' id='line_1_19' title="bbox 336 1271 1369 1329; baseline 0.003 -20"><span class='ocrx_word' id='word_1_91' title='bbox 336 1271 650 1323; x_wconf 72' lang='grc' dir='ltr'><em>ἐπιτηδειοτέρα</em></span> <span class='ocrx_word' id='word_1_92' title='bbox 670 1271 695 1327; x_wconf 79' lang='grc' dir='ltr'><strong><em>ᾖ</em></strong></span> <span class='ocrx_word' id='word_1_93' title='bbox 715 1271 787 1311; x_wconf 78' lang='grc' dir='ltr'><em>οὐκ</em></span> <span class='ocrx_word' id='word_1_94' title='bbox 806 1272 1089 1324; x_wconf 75' lang='grc' dir='ltr'><em>ἐπειγομένων</em></span> <span class='ocrx_word' id='word_1_95' title='bbox 1102 1275 1150 1329; x_wconf 84' lang='grc' dir='ltr'><em>τῇ</em></span> <span class='ocrx_word' id='word_1_96' title='bbox 1165 1273 1369 1326; x_wconf 77' lang='grc' dir='ltr'><em>παχύτητι</em></span> 
     </span>
     <span class='ocr_line' id='line_1_20' title="bbox 336 1341 1369 1395; baseline 0.004 -16"><span class='ocrx_word' id='word_1_97' title='bbox 336 1343 416 1380; x_wconf 91' lang='grc' dir='ltr'><em>τῶν</em></span> <span class='ocrx_word' id='word_1_98' title='bbox 434 1341 452 1392; x_wconf 86' lang='grc' dir='ltr'><em>ΙΙ</em></span> <span class='ocrx_word' id='word_1_99' title='bbox 471 1344 766 1392; x_wconf 82' lang='grc' dir='ltr'><em>σπερματικῶν</em></span> <span class='ocrx_word' id='word_1_100' title='bbox 798 1341 975 1391; x_wconf 73' lang='grc' dir='ltr'><em>ἀγγείων</em></span> <span class='ocrx_word' id='word_1_101' title='bbox 1004 1341 1101 1382; x_wconf 79' lang='grc' dir='ltr'><em>οὐδὲ</em></span> <span class='ocrx_word' id='word_1_102' title='bbox 1129 1344 1235 1395; x_wconf 83' lang='grc' dir='ltr'><em>πρὸς</em></span> <span class='ocrx_word' id='word_1_103' title='bbox 1262 1342 1369 1383; x_wconf 82' lang='grc' dir='ltr'><em>ὐπο-</em></span> 
     </span>
     <span class='ocr_line' id='line_1_21' title="bbox 334 1409 1369 1466; baseline 0.004 -16"><span class='ocrx_word' id='word_1_104' title='bbox 334 1409 460 1463; x_wconf 81' lang='grc' dir='ltr'><em>δοχὴν</em></span> <span class='ocrx_word' id='word_1_105' title='bbox 500 1413 573 1451; x_wconf 88' lang='grc' dir='ltr'><em>τοῦ</em></span> <span class='ocrx_word' id='word_1_106' title='bbox 620 1410 933 1464; x_wconf 83' lang='grc' dir='ltr'><em>συλληφθέντος</em></span> <span class='ocrx_word' id='word_1_107' title='bbox 989 1416 1369 1466; x_wconf 85' lang='grc' dir='ltr'><em>στενοχωρουμένου</em></span> 
     </span>
     <span class='ocr_line' id='line_1_22' title="bbox 336 1479 1370 1536; baseline 0.005 -18"><span class='ocrx_word' id='word_1_108' title='bbox 336 1481 407 1519; x_wconf 87' lang='grc' dir='ltr'><em>τοῦ</em></span> <span class='ocrx_word' id='word_1_109' title='bbox 427 1479 670 1532; x_wconf 85' lang='grc' dir='ltr'><em>πνεύματος.</em></span> <span class='ocrx_word' id='word_1_110' title='bbox 710 1482 804 1527; x_wconf 79' lang='grc' dir='ltr'><em>τοὺς</em></span> <span class='ocrx_word' id='word_1_111' title='bbox 824 1482 871 1521; x_wconf 78' lang='grc' dir='ltr'><em>δὲ</em></span> <span class='ocrx_word' id='word_1_112' title='bbox 890 1480 1063 1534; x_wconf 81' lang='grc' dir='ltr'><em>ἄρρενας</em></span> <span class='ocrx_word' id='word_1_113' title='bbox 1091 1482 1172 1534; x_wconf 88' lang='grc' dir='ltr'><em>πρὸ</em></span> <span class='ocrx_word' id='word_1_114' title='bbox 1193 1481 1370 1536; x_wconf 80' lang='grc' dir='ltr'><em>διμήνου</em></span> 
     </span>
     <span class='ocr_line' id='line_1_23' title="bbox 337 1550 1370 1603; baseline 0.004 -15"><span class='ocrx_word' id='word_1_115' title='bbox 337 1551 417 1589; x_wconf 86' lang='grc' dir='ltr'><em>τῶν</em></span> <span class='ocrx_word' id='word_1_116' title='bbox 455 1550 640 1602; x_wconf 75' lang='grc' dir='ltr'><em>θηλειῶν</em></span> <span class='ocrx_word' id='word_1_117' title='bbox 681 1553 921 1602; x_wconf 75' lang='grc' dir='ltr'><em>χωριστέον,</em></span> <span class='ocrx_word' id='word_1_118' title='bbox 962 1551 1282 1603; x_wconf 86' lang='grc' dir='ltr'><em>προδιαιτητέον</em></span> <span class='ocrx_word' id='word_1_119' title='bbox 1322 1550 1370 1592; x_wconf 80' lang='grc' dir='ltr'><em>δὲ</em></span> 
     </span>
     <span class='ocr_line' id='line_1_24' title="bbox 336 1619 1369 1674; baseline 0.003 -15"><span class='ocrx_word' id='word_1_120' title='bbox 336 1627 485 1672; x_wconf 75' lang='grc' dir='ltr'><em>πυροῖς</em></span> <span class='ocrx_word' id='word_1_121' title='bbox 513 1622 581 1660; x_wconf 79' lang='grc' dir='ltr'><em>καὶ</em></span> <span class='ocrx_word' id='word_1_122' title='bbox 612 1619 779 1672; x_wconf 75' lang='grc' dir='ltr'><em>ὀρόβοις</em></span> <span class='ocrx_word' id='word_1_123' title='bbox 810 1621 879 1660; x_wconf 72' lang='grc' dir='ltr'><em>ἐπ’</em></span> <span class='ocrx_word' id='word_1_124' title='bbox 907 1619 1048 1670; x_wconf 78' lang='grc' dir='ltr'><em>ὀλίγον</em></span> <span class='ocrx_word' id='word_1_125' title='bbox 1077 1625 1369 1674; x_wconf 87' lang='grc' dir='ltr'><em>πεφωσμένοις</em></span> 
     </span>
     <span class='ocr_line' id='line_1_25' title="bbox 334 1688 1367 1743; baseline 0.004 -15"><span class='ocrx_word' id='word_1_126' title='bbox 334 1690 404 1728; x_wconf 76' lang='grc' dir='ltr'><em>καὶ</em></span> <span class='ocrx_word' id='word_1_127' title='bbox 433 1689 648 1740; x_wconf 75' lang='grc' dir='ltr'><em>σεμιδάλει</em></span> <span class='ocrx_word' id='word_1_128' title='bbox 679 1688 800 1730; x_wconf 86' lang='grc' dir='ltr'><em>ὕδατι</em></span> <span class='ocrx_word' id='word_1_129' title='bbox 831 1690 1066 1743; x_wconf 86' lang='grc' dir='ltr'><em>δεδευμένῃ.</em></span> <span class='ocrx_word' id='word_1_130' title='bbox 1119 1694 1367 1743; x_wconf 84' lang='grc' dir='ltr'><em>σαρκοῦνται</em></span> 
     </span>
     <span class='ocr_line' id='line_1_26' title="bbox 333 1760 1369 1814; baseline 0.003 -15"><span class='ocrx_word' id='word_1_131' title='bbox 333 1760 410 1811; x_wconf 82' lang='grc' dir='ltr'><em>γὰρ</em></span> <span class='ocrx_word' id='word_1_132' title='bbox 438 1760 600 1807; x_wconf 84' lang='grc' dir='ltr'><em>τούτοις</em></span> <span class='ocrx_word' id='word_1_133' title='bbox 627 1762 697 1799; x_wconf 83' lang='grc' dir='ltr'><em>καὶ</em></span> <span class='ocrx_word' id='word_1_134' title='bbox 718 1760 991 1814; x_wconf 86' lang='grc' dir='ltr'><em>σφοδρότεροι</em></span> <span class='ocrx_word' id='word_1_135' title='bbox 1013 1762 1117 1813; x_wconf 84' lang='grc' dir='ltr'><em>πρὸς</em></span> <span class='ocrx_word' id='word_1_136' title='bbox 1135 1763 1208 1814; x_wconf 77' lang='grc' dir='ltr'><em>τὴν</em></span> <span class='ocrx_word' id='word_1_137' title='bbox 1227 1760 1369 1812; x_wconf 84' lang='grc' dir='ltr'><em>ὀχείαν</em></span> 
     </span>
     <span class='ocr_line' id='line_1_27' title="bbox 333 1827 1368 1884; baseline 0.003 -16"><span class='ocrx_word' id='word_1_138' title='bbox 333 1832 532 1877; x_wconf 82' lang='grc' dir='ltr'><em>γίνονται.</em></span> <span class='ocrx_word' id='word_1_139' title='bbox 571 1831 712 1881; x_wconf 87' lang='grc' dir='ltr'><em>καιρὸς</em></span> <span class='ocrx_word' id='word_1_140' title='bbox 741 1831 788 1870; x_wconf 78' lang='grc' dir='ltr'><em>δὲ</em></span> <span class='ocrx_word' id='word_1_141' title='bbox 816 1831 838 1870; x_wconf 83' lang='grc' dir='ltr'><strong><em>ὁ</em></strong></span> <span class='ocrx_word' id='word_1_142' title='bbox 866 1833 936 1883; x_wconf 84' lang='grc' dir='ltr'><em>τῆς</em></span> <span class='ocrx_word' id='word_1_143' title='bbox 964 1829 1101 1880; x_wconf 89' lang='grc' dir='ltr'><em>ὀχείας</em></span> <span class='ocrx_word' id='word_1_144' title='bbox 1122 1827 1169 1880; x_wconf 81' lang='grc' dir='ltr'><em>[ὁ]</em></span> <span class='ocrx_word' id='word_1_145' title='bbox 1192 1830 1279 1871; x_wconf 81' lang='grc' dir='ltr'><em>ἀπὸ</em></span> <span class='ocrx_word' id='word_1_146' title='bbox 1298 1833 1368 1884; x_wconf 82' lang='grc' dir='ltr'><em>τῆς</em></span> 
     </span>
     <span class='ocr_line' id='line_1_28' title="bbox 333 1899 1368 1954; baseline 0.004 -16"><span class='ocrx_word' id='word_1_147' title='bbox 333 1899 502 1952; x_wconf 77' lang='grc' dir='ltr'><em>ἑννάτης</em></span> <span class='ocrx_word' id='word_1_148' title='bbox 530 1901 599 1939; x_wconf 83' lang='grc' dir='ltr'><em>καὶ</em></span> <span class='ocrx_word' id='word_1_149' title='bbox 629 1902 815 1954; x_wconf 76' lang='grc' dir='ltr'><em>εἰκοστῆς</em></span> <span class='ocrx_word' id='word_1_150' title='bbox 834 1899 1088 1953; x_wconf 68' lang='grc' dir='ltr'><em>ὀιπριλλίουΊΙ</em></span> <span class='ocrx_word' id='word_1_151' title='bbox 1108 1931 1116 1941; x_wconf 92' lang='grc'><strong>.</strong></span> <span class='ocrx_word' id='word_1_152' title='bbox 1135 1931 1143 1940; x_wconf 92' lang='grc'><strong>.</strong></span> <span class='ocrx_word' id='word_1_153' title='bbox 1162 1932 1170 1941; x_wconf 92' lang='grc'><strong>.</strong></span> <span class='ocrx_word' id='word_1_154' title='bbox 1189 1931 1219 1950; x_wconf 88' lang='grc'><em>.,</em></span> <span class='ocrx_word' id='word_1_155' title='bbox 1250 1906 1317 1942; x_wconf 85' lang='grc' dir='ltr'><em>ἵνα</em></span> <span class='ocrx_word' id='word_1_156' title='bbox 1345 1901 1368 1942; x_wconf 81' lang='grc' dir='ltr'>ὁ</span> 
     </span>
     <span class='ocr_line' id='line_1_29' title="bbox 334 1969 1369 2025; baseline 0.003 -17"><span class='ocrx_word' id='word_1_157' title='bbox 334 1969 498 2016; x_wconf 78' lang='grc' dir='ltr'><em>τοκετὸς</em></span> <span class='ocrx_word' id='word_1_158' title='bbox 524 1972 694 2022; x_wconf 83' lang='grc' dir='ltr'><em>γένηται</em></span> <span class='ocrx_word' id='word_1_159' title='bbox 723 1972 821 2022; x_wconf 79' lang='grc' dir='ltr'><em>περὶ</em></span> <span class='ocrx_word' id='word_1_160' title='bbox 850 1971 923 2024; x_wconf 77' lang='grc' dir='ltr'><em>την</em></span> <span class='ocrx_word' id='word_1_161' title='bbox 943 1969 1237 2025; x_wconf 77' lang='grc' dir='ltr'><em>εὐκαιροτάτην</em></span> <span class='ocrx_word' id='word_1_162' title='bbox 1257 1969 1369 2024; x_wconf 85' lang='grc' dir='ltr'><em>ὥραν</em></span> 
     </span>
     <span class='ocr_line' id='line_1_30' title="bbox 333 2039 1367 2094; baseline 0.003 -16"><span class='ocrx_word' id='word_1_163' title='bbox 333 2040 406 2090; x_wconf 81' lang='grc' dir='ltr'><em>τὴν</em></span> <span class='ocrx_word' id='word_1_164' title='bbox 421 2039 596 2088; x_wconf 83' lang='grc' dir='ltr'><em>ἔχουσαν</em></span> <span class='ocrx_word' id='word_1_165' title='bbox 614 2040 756 2092; x_wconf 90' lang='grc' dir='ltr'><em>χλόην,</em></span> <span class='ocrx_word' id='word_1_166' title='bbox 787 2041 874 2080; x_wconf 89' lang='grc' dir='ltr'><em>κύει</em></span> <span class='ocrx_word' id='word_1_167' title='bbox 898 2042 974 2092; x_wconf 77' lang='grc' dir='ltr'><em>μὲν</em></span> <span class='ocrx_word' id='word_1_168' title='bbox 994 2042 1072 2091; x_wconf 89' lang='grc' dir='ltr'><em>γὰρ</em></span> <span class='ocrx_word' id='word_1_169' title='bbox 1101 2042 1145 2081; x_wconf 78' lang='grc' dir='ltr'><em>ἐν</em></span> <span class='ocrx_word' id='word_1_170' title='bbox 1166 2041 1222 2080; x_wconf 80' lang='grc' dir='ltr'><em>ια’</em></span> <span class='ocrx_word' id='word_1_171' title='bbox 1249 2043 1367 2094; x_wconf 86' lang='grc' dir='ltr'><em>μησί,</em></span> 
     </span>
     <span class='ocr_line' id='line_1_31' title="bbox 333 2107 1370 2163; baseline 0.003 -15"><span class='ocrx_word' id='word_1_172' title='bbox 333 2109 390 2161; x_wconf 81' lang='grc' dir='ltr'><em>τῷ</em></span> <span class='ocrx_word' id='word_1_173' title='bbox 419 2107 516 2161; x_wconf 80' lang='grc' dir='ltr'><em>&lt;δὲ&gt;</em></span> <span class='ocrx_word' id='word_1_174' title='bbox 557 2108 773 2163; x_wconf 79' lang='grc' dir='ltr'><em>δωδεκάτῳ</em></span> <span class='ocrx_word' id='word_1_175' title='bbox 811 2113 954 2150; x_wconf 86' lang='grc' dir='ltr'><em>τίκτει.</em></span> <span class='ocrx_word' id='word_1_176' title='bbox 1003 2108 1291 2163; x_wconf 79' lang='grc' dir='ltr'><em>ἀκατάμακτον</em></span> <span class='ocrx_word' id='word_1_177' title='bbox 1323 2112 1370 2153; x_wconf 77' lang='grc' dir='ltr'><em>δὲ</em></span> 
     </span>
     <span class='ocr_line' id='line_1_32' title="bbox 334 2179 1368 2232; baseline 0.005 -16"><span class='ocrx_word' id='word_1_178' title='bbox 334 2180 404 2217; x_wconf 84' lang='grc' dir='ltr'><em>καὶ</em></span> <span class='ocrx_word' id='word_1_179' title='bbox 442 2179 642 2231; x_wconf 83' lang='grc' dir='ltr'><em>ῥυπῶσαν</em></span> <span class='ocrx_word' id='word_1_180' title='bbox 677 2180 752 2232; x_wconf 80' lang='grc' dir='ltr'><em>τήν</em></span> <span class='ocrx_word' id='word_1_181' title='bbox 790 2185 927 2220; x_wconf 85' lang='grc' dir='ltr'><em>ἵππον</em></span> <span class='ocrx_word' id='word_1_182' title='bbox 954 2184 1257 2232; x_wconf 83' lang='grc' dir='ltr'><em>παραστατέον,</em></span> <span class='ocrx_word' id='word_1_183' title='bbox 1296 2182 1368 2222; x_wconf 75' lang='grc' dir='ltr'><em>ἐπὶ</em></span> 
     </span>
     <span class='ocr_line' id='line_1_33' title="bbox 331 2249 1367 2302; baseline 0.004 -14"><span class='ocrx_word' id='word_1_184' title='bbox 331 2249 403 2295; x_wconf 90' lang='grc' dir='ltr'><em>τὰς</em></span> <span class='ocrx_word' id='word_1_185' title='bbox 449 2249 644 2297; x_wconf 82' lang='grc' dir='ltr'><em>τοιαύτας</em></span> <span class='ocrx_word' id='word_1_186' title='bbox 685 2252 763 2302; x_wconf 84' lang='grc' dir='ltr'><em>γὰρ</em></span> <span class='ocrx_word' id='word_1_187' title='bbox 805 2252 963 2291; x_wconf 81' lang='grc' dir='ltr'><em>θᾶττον</em></span> <span class='ocrx_word' id='word_1_188' title='bbox 1006 2255 1113 2290; x_wconf 87' lang='grc' dir='ltr'><em>ἵεται</em></span> <span class='ocrx_word' id='word_1_189' title='bbox 1157 2250 1180 2292; x_wconf 88' lang='grc' dir='ltr'>ὁ</span> <span class='ocrx_word' id='word_1_190' title='bbox 1224 2256 1367 2299; x_wconf 80' lang='grc' dir='ltr'><em>ἵππος.</em></span> 
     </span>
     <span class='ocr_line' id='line_1_34' title="bbox 338 2320 1370 2373; baseline 0.005 -16"><span class='ocrx_word' id='word_1_191' title='bbox 338 2322 456 2365; x_wconf 77' lang='grc' dir='ltr'><em>Τινὲς</em></span> <span class='ocrx_word' id='word_1_192' title='bbox 498 2320 544 2358; x_wconf 77' lang='grc' dir='ltr'><em>δὲ</em></span> <span class='ocrx_word' id='word_1_193' title='bbox 586 2327 679 2366; x_wconf 79' lang='grc' dir='ltr'><em>ταῖς</em></span> <span class='ocrx_word' id='word_1_194' title='bbox 721 2322 897 2366; x_wconf 75' lang='grc' dir='ltr'><em>οἰκείαις</em></span> <span class='ocrx_word' id='word_1_195' title='bbox 937 2324 1100 2369; x_wconf 86' lang='grc' dir='ltr'><em>χαίταις</em></span> <span class='ocrx_word' id='word_1_196' title='bbox 1142 2324 1370 2373; x_wconf 79' lang='grc' dir='ltr'><em>κοσμοῦσιν</em></span> 
     </span>
     <span class='ocr_line' id='line_1_35' title="bbox 331 2386 1370 2443; baseline 0.005 -15"><span class='ocrx_word' id='word_1_197' title='bbox 331 2386 460 2436; x_wconf 78' lang='grc' dir='ltr'><em>αὐτὰς</em></span> <span class='ocrx_word' id='word_1_198' title='bbox 474 2393 777 2441; x_wconf 78' lang='grc' dir='ltr'><em>προστιθέντες</em></span> <span class='ocrx_word' id='word_1_199' title='bbox 792 2389 954 2443; x_wconf 79' lang='grc' dir='ltr'><em>παρήϊά</em></span> <span class='ocrx_word' id='word_1_200' title='bbox 968 2407 1012 2432; x_wconf 88' lang='grc' dir='ltr'><em>τε</em></span> <span class='ocrx_word' id='word_1_201' title='bbox 1027 2391 1097 2431; x_wconf 84' lang='grc' dir='ltr'><em>καὶ</em></span> <span class='ocrx_word' id='word_1_202' title='bbox 1112 2392 1193 2432; x_wconf 84' lang='grc' dir='ltr'><em>τῶν</em></span> <span class='ocrx_word' id='word_1_203' title='bbox 1207 2391 1370 2433; x_wconf 82' lang='grc' dir='ltr'><em>λοιπῶν</em></span> 
     </span>
     <span class='ocr_line' id='line_1_36' title="bbox 332 2454 1369 2513; baseline 0.005 -16"><span class='ocrx_word' id='word_1_204' title='bbox 332 2462 479 2499; x_wconf 83' lang='grc' dir='ltr'><em>ἵππων</em></span> <span class='ocrx_word' id='word_1_205' title='bbox 507 2458 678 2512; x_wconf 84' lang='grc' dir='ltr'><em>κόσμον,</em></span> <span class='ocrx_word' id='word_1_206' title='bbox 713 2454 760 2501; x_wconf 90' lang='grc' dir='ltr'><em>τό</em></span> <span class='ocrx_word' id='word_1_207' title='bbox 788 2475 832 2500; x_wconf 88' lang='grc' dir='ltr'><em>τε</em></span> <span class='ocrx_word' id='word_1_208' title='bbox 859 2462 1004 2513; x_wconf 86' lang='grc' dir='ltr'><em>χρῶμα</em></span> <span class='ocrx_word' id='word_1_209' title='bbox 1033 2460 1293 2512; x_wconf 83' lang='grc' dir='ltr'><em>στιλβοῦντες</em></span> <span class='ocrx_word' id='word_1_210' title='bbox 1321 2459 1369 2502; x_wconf 81' lang='grc' dir='ltr'><em>οὗ</em></span> 
     </span>
    </p>
   </div>
   <div class='ocr_carea' id='block_1_9' title="bbox 348 2533 597 2537">
    <p class='ocr_par' dir='ltr' id='par_1_10' title="bbox 348 2533 597 2537">
     <span class='ocr_line' id='line_1_37' title="bbox 348 2533 597 2537; baseline 0 0"><span class='ocrx_word' id='word_1_211' title='bbox 348 2533 597 2537; x_wconf 95' lang='lat' dir='ltr'><em> </em></span> 
     </span>
    </p>
   </div>
   <div class='ocr_carea' id='block_1_10' title="bbox 327 2558 1368 2831">
    <p class='ocr_par' dir='ltr' id='par_1_11' title="bbox 327 2558 1368 2831">
     <span class='ocr_line' id='line_1_38' title="bbox 418 2558 1368 2603; baseline 0.001 -10"><span class='ocrx_word' id='word_1_212' title='bbox 418 2562 431 2593; x_wconf 83' lang='grc'><strong>1</strong></span> <span class='ocrx_word' id='word_1_213' title='bbox 459 2558 582 2602; x_wconf 77' lang='grc' dir='ltr'><em>ὀχέτου</em></span> <span class='ocrx_word' id='word_1_214' title='bbox 671 2562 689 2592; x_wconf 85' lang='grc'>6</span> <span class='ocrx_word' id='word_1_215' title='bbox 723 2559 884 2602; x_wconf 79' lang='grc' dir='ltr'><em>ἀγωνιῶν</em></span> <span class='ocrx_word' id='word_1_216' title='bbox 917 2562 1007 2593; x_wconf 70' lang='lat' dir='ltr'>iuxta</span> <span class='ocrx_word' id='word_1_217' title='bbox 1041 2558 1188 2603; x_wconf 74' lang='grc' dir='ltr'><em>ἀγόνων</em></span> <span class='ocrx_word' id='word_1_218' title='bbox 1220 2562 1368 2603; x_wconf 82' lang='lat' dir='ltr'>displicet</span> 
     </span>
     <span class='ocr_line' id='line_1_39' title="bbox 331 2612 1367 2655; baseline 0.003 -11"><span class='ocrx_word' id='word_1_219' title='bbox 331 2617 348 2644; x_wconf 82' lang='lat'><strong>7</strong></span> <span class='ocrx_word' id='word_1_220' title='bbox 373 2614 407 2645; x_wconf 83' lang='grc' dir='ltr'><em>δ’</em></span> <span class='ocrx_word' id='word_1_221' title='bbox 500 2615 537 2645; x_wconf 87' lang='grc'><em>12</em></span> <span class='ocrx_word' id='word_1_222' title='bbox 561 2612 600 2645; x_wconf 82' lang='grc' dir='ltr'><em>οὐ</em></span> <span class='ocrx_word' id='word_1_223' title='bbox 624 2615 859 2655; x_wconf 82' lang='grc' dir='ltr'><em>πειλουμένων</em></span> <span class='ocrx_word' id='word_1_224' title='bbox 944 2616 980 2645; x_wconf 85' lang='grc'><em>15</em></span> <span class='ocrx_word' id='word_1_225' title='bbox 1005 2625 1045 2645; x_wconf 82' lang='lat' dir='ltr'><em>ex</em></span> <span class='ocrx_word' id='word_1_226' title='bbox 1070 2616 1221 2646; x_wconf 72' lang='lat' dir='ltr'><strong>Anatolio</strong></span> <span class='ocrx_word' id='word_1_227' title='bbox 1245 2626 1367 2647; x_wconf 79' lang='grc' dir='ltr'><em>πεντα-</em></span> 
     </span>
     <span class='ocr_line' id='line_1_40' title="bbox 327 2671 1366 2721; baseline 0.001 -10"><span class='ocrx_word' id='word_1_228' title='bbox 327 2674 441 2721; x_wconf 78' lang='grc' dir='ltr'><em>μήνου</em></span> <span class='ocrx_word' id='word_1_229' title='bbox 463 2681 667 2721; x_wconf 74' lang='lat' dir='ltr'>promendum</span> <span class='ocrx_word' id='word_1_230' title='bbox 692 2686 754 2719; x_wconf 82' lang='lat' dir='ltr'>est,</span> <span class='ocrx_word' id='word_1_231' title='bbox 777 2671 801 2710; x_wconf 67' lang='grc' dir='ltr'>ᾗ</span> <span class='ocrx_word' id='word_1_232' title='bbox 824 2674 863 2710; x_wconf 61' lang='lat' dir='ltr'>ei</span> <span class='ocrx_word' id='word_1_233' title='bbox 888 2671 914 2710; x_wconf 77' lang='grc' dir='ltr'>Ε</span> <span class='ocrx_word' id='word_1_234' title='bbox 939 2685 1122 2720; x_wconf 79' lang='lat' dir='ltr'>corruptum</span> <span class='ocrx_word' id='word_1_235' title='bbox 1219 2681 1257 2712; x_wconf 83' lang='lat'><em>16</em></span> <span class='ocrx_word' id='word_1_236' title='bbox 1280 2692 1366 2720; x_wconf 84' lang='grc' dir='ltr'><em>προ-</em></span> 
     </span>
     <span class='ocr_line' id='line_1_41' title="bbox 329 2732 1366 2776; baseline 0 -11"><span class='ocrx_word' id='word_1_237' title='bbox 329 2733 497 2774; x_wconf 72' lang='grc' dir='ltr'><em>διετητέον</em></span> <span class='ocrx_word' id='word_1_238' title='bbox 580 2734 617 2766; x_wconf 85' lang='grc'><em>17</em></span> <span class='ocrx_word' id='word_1_239' title='bbox 640 2734 760 2774; x_wconf 82' lang='grc' dir='ltr'><em>πηροῖς</em></span> <span class='ocrx_word' id='word_1_240' title='bbox 839 2732 877 2766; x_wconf 91' lang='grc'><em>18</em></span> <span class='ocrx_word' id='word_1_241' title='bbox 901 2732 1078 2775; x_wconf 77' lang='grc' dir='ltr'><em>σεμίδαλιν</em></span> <span class='ocrx_word' id='word_1_242' title='bbox 1106 2732 1113 2774; x_wconf 84' lang='grc' dir='ltr'>Ι</span> <span class='ocrx_word' id='word_1_243' title='bbox 1142 2732 1366 2776; x_wconf 73' lang='grc' dir='ltr'><em>δεδευγμένην</em></span> 
     </span>
     <span class='ocr_line' id='line_1_42' title="bbox 331 2783 1364 2831; baseline 0.002 -14"><span class='ocrx_word' id='word_1_244' title='bbox 331 2787 364 2818; x_wconf 79' lang='grc'><em>21</em></span> <span class='ocrx_word' id='word_1_245' title='bbox 387 2785 567 2831; x_wconf 76' lang='grc' dir='ltr'><em>ἀπριλλίου</em></span> <span class='ocrx_word' id='word_1_246' title='bbox 583 2783 644 2820; x_wconf 72' lang='grc' dir='ltr'><em>ἐὰν</em></span> <span class='ocrx_word' id='word_1_247' title='bbox 655 2788 711 2818; x_wconf 77' lang='grc' dir='ltr'><em>καὶ</em></span> <span class='ocrx_word' id='word_1_248' title='bbox 727 2785 765 2819; x_wconf 86' lang='grc' dir='ltr'><em>τὸ</em></span> <span class='ocrx_word' id='word_1_249' title='bbox 783 2785 874 2822; x_wconf 74' lang='grc' dir='ltr'><em>ἔτος;</em></span> <span class='ocrx_word' id='word_1_250' title='bbox 891 2796 969 2827; x_wconf 87' lang='lat' dir='ltr'>quae</span> <span class='ocrx_word' id='word_1_251' title='bbox 983 2792 1131 2829; x_wconf 76' lang='lat' dir='ltr'>corrupta</span> <span class='ocrx_word' id='word_1_252' title='bbox 1145 2797 1215 2819; x_wconf 78' lang='lat' dir='ltr'>esse</span> <span class='ocrx_word' id='word_1_253' title='bbox 1229 2798 1268 2819; x_wconf 85' lang='lat' dir='ltr'><em>ex</em></span> <span class='ocrx_word' id='word_1_254' title='bbox 1282 2788 1364 2821; x_wconf 84' lang='lat' dir='ltr'>locis</span> 
     </span>
    </p>
   </div>
   <div class='ocr_carea' id='block_1_11' title="bbox 330 2836 1366 2885">
    <p class='ocr_par' dir='ltr' id='par_1_12' title="bbox 330 2836 1366 2885">
     <span class='ocr_line' id='line_1_43' title="bbox 330 2836 1366 2885; baseline 0.002 -12"><span class='ocrx_word' id='word_1_255' title='bbox 330 2842 522 2882; x_wconf 77' lang='lat' dir='ltr'>comparatis</span> <span class='ocrx_word' id='word_1_256' title='bbox 545 2841 687 2873; x_wconf 75' lang='lat' dir='ltr'>efficitur</span> <span class='ocrx_word' id='word_1_257' title='bbox 775 2841 815 2872; x_wconf 85' lang='lat'><em>22</em></span> <span class='ocrx_word' id='word_1_258' title='bbox 839 2836 1091 2884; x_wconf 73' lang='grc' dir='ltr'><em>εὐκαιροτᾶτηνε</em></span> <span class='ocrx_word' id='word_1_259' title='bbox 1120 2838 1366 2885; x_wconf 76' lang='grc' dir='ltr'><em>εὐκρατοτάτην</em></span> 
     </span>
    </p>
   </div>
   <div class='ocr_carea' id='block_1_12' title="bbox 328 2904 1364 3119">
    <p class='ocr_par' dir='ltr' id='par_1_13' title="bbox 328 2904 1364 3119">
     <span class='ocr_line' id='line_1_44' title="bbox 330 2904 1364 2962; baseline 0.001 -13"><span class='ocrx_word' id='word_1_260' title='bbox 330 2916 441 2959; x_wconf 85' lang='lat' dir='ltr'>Geop.‚</span> <span class='ocrx_word' id='word_1_261' title='bbox 463 2918 543 2960; x_wconf 85' lang='lat' dir='ltr'>quod</span> <span class='ocrx_word' id='word_1_262' title='bbox 568 2918 682 2949; x_wconf 81' lang='lat' dir='ltr'>melius</span> <span class='ocrx_word' id='word_1_263' title='bbox 707 2922 757 2948; x_wconf 88' lang='lat' dir='ltr'><em>est</em></span> <span class='ocrx_word' id='word_1_264' title='bbox 813 2918 853 2948; x_wconf 75' lang='lat'><em>23</em></span> <span class='ocrx_word' id='word_1_265' title='bbox 878 2916 927 2949; x_wconf 72' lang='grc' dir='ltr'><em>ἐνὶ</em></span> <span class='ocrx_word' id='word_1_266' title='bbox 950 2904 1025 2962; x_wconf 74' lang='grc' dir='ltr'><em>11ρῶ</em></span> <span class='ocrx_word' id='word_1_267' title='bbox 1052 2917 1129 2959; x_wconf 85' lang='lat' dir='ltr'>(sic)</span> <span class='ocrx_word' id='word_1_268' title='bbox 1203 2918 1242 2950; x_wconf 85' lang='lat'><em>28</em></span> <span class='ocrx_word' id='word_1_269' title='bbox 1265 2928 1364 2962; x_wconf 87' lang='grc' dir='ltr'><em>προς-</em></span> 
     </span>
     <span class='ocr_line' id='line_1_45' title="bbox 328 2970 1362 3013; baseline 0.001 -11"><span class='ocrx_word' id='word_1_270' title='bbox 328 2970 481 3006; x_wconf 74' lang='grc' dir='ltr'><em>τεθέντες</em></span> <span class='ocrx_word' id='word_1_271' title='bbox 500 2973 505 3011; x_wconf 90' lang='grc' dir='ltr'>Ι</span> <span class='ocrx_word' id='word_1_272' title='bbox 523 2972 592 3004; x_wconf 76' lang='grc' dir='ltr'><em>τῶν</em></span> <span class='ocrx_word' id='word_1_273' title='bbox 606 2972 755 3003; x_wconf 84' lang='grc' dir='ltr'><em>λοιπῶν;</em></span> <span class='ocrx_word' id='word_1_274' title='bbox 781 2981 840 3002; x_wconf 90' lang='lat' dir='ltr'><em>non</em></span> <span class='ocrx_word' id='word_1_275' title='bbox 859 2981 978 3011; x_wconf 79' lang='lat' dir='ltr'>sanum,</span> <span class='ocrx_word' id='word_1_276' title='bbox 995 2972 1034 3003; x_wconf 81' lang='lat' dir='ltr'><em>cf.</em></span> <span class='ocrx_word' id='word_1_277' title='bbox 1052 2982 1148 3013; x_wconf 79' lang='lat' dir='ltr'>supra</span> <span class='ocrx_word' id='word_1_278' title='bbox 1165 2973 1184 3003; x_wconf 90' lang='lat'><em>1.</em></span> <span class='ocrx_word' id='word_1_279' title='bbox 1200 2973 1233 3011; x_wconf 84' lang='lat'><em>53</em></span> <span class='ocrx_word' id='word_1_280' title='bbox 1259 2973 1362 3003; x_wconf 81' lang='lat' dir='ltr'>malim</span> 
     </span>
     <span class='ocr_line' id='line_1_46' title="bbox 329 3021 1364 3068; baseline 0.003 -13"><span class='ocrx_word' id='word_1_281' title='bbox 329 3021 506 3067; x_wconf 75' lang='grc' dir='ltr'><em>ἆγυνικῶν</em></span> <span class='ocrx_word' id='word_1_282' title='bbox 529 3026 579 3058; x_wconf 85' lang='lat' dir='ltr'><em>vel</em></span> <span class='ocrx_word' id='word_1_283' title='bbox 605 3024 798 3068; x_wconf 76' lang='grc' dir='ltr'><em>πολεμικῶν</em></span> <span class='ocrx_word' id='word_1_284' title='bbox 817 3036 906 3068; x_wconf 84' lang='lat' dir='ltr'>quam</span> <span class='ocrx_word' id='word_1_285' title='bbox 929 3021 990 3058; x_wconf 89' lang='grc' dir='ltr'><em>τὸν</em></span> <span class='ocrx_word' id='word_1_286' title='bbox 1012 3025 1135 3059; x_wconf 84' lang='grc' dir='ltr'><em>λοιπὸν</em></span> <span class='ocrx_word' id='word_1_287' title='bbox 1206 3026 1245 3057; x_wconf 79' lang='lat'><em>29</em></span> <span class='ocrx_word' id='word_1_288' title='bbox 1270 3027 1364 3058; x_wconf 81' lang='grc' dir='ltr'><em>στίλ-</em></span> 
     </span>
     <span class='ocr_line' id='line_1_47' title="bbox 328 3082 452 3119; baseline 0 -9"><span class='ocrx_word' id='word_1_289' title='bbox 328 3082 452 3119; x_wconf 65' lang='lat' dir='ltr'>ponec.</span> 
     </span>
    </p>
   </div>
   <div class='ocr_carea' id='block_1_13' title="bbox 1468 483 2444 606">
    <p class='ocr_par' dir='ltr' id='par_1_14' title="bbox 1468 483 2444 606">
     <span class='ocr_line' id='line_1_48' title="bbox 1468 483 2444 536; baseline 0 -11"><span class='ocrx_word' id='word_1_290' title='bbox 1468 484 1709 526; x_wconf 73' lang='grc' dir='ltr'><em>’Λνατολίου</em></span> <span class='ocrx_word' id='word_1_291' title='bbox 1737 486 1835 536; x_wconf 82' lang='grc' dir='ltr'><em>περὶ</em></span> <span class='ocrx_word' id='word_1_292' title='bbox 1865 484 2026 536; x_wconf 83' lang='grc' dir='ltr'><em>ἡλικίας</em></span> <span class='ocrx_word' id='word_1_293' title='bbox 2056 489 2203 524; x_wconf 85' lang='grc' dir='ltr'><em>ἵππων</em></span> <span class='ocrx_word' id='word_1_294' title='bbox 2229 487 2310 524; x_wconf 90' lang='grc' dir='ltr'><em>τῶν</em></span> <span class='ocrx_word' id='word_1_295' title='bbox 2339 483 2444 536; x_wconf 77' lang='grc' dir='ltr'><em>πρὸς</em></span> 
     </span>
     <span class='ocr_line' id='line_1_49' title="bbox 1632 554 2287 606; baseline -0.002 -12"><span class='ocrx_word' id='word_1_296' title='bbox 1632 554 1773 604; x_wconf 84' lang='grc' dir='ltr'><em>ὀχείαν</em></span> <span class='ocrx_word' id='word_1_297' title='bbox 1800 554 2053 606; x_wconf 72' lang='grc' dir='ltr'><em>ἐπιτηδείων</em></span> <span class='ocrx_word' id='word_1_298' title='bbox 2080 556 2151 604; x_wconf 84' lang='lat' dir='ltr'><em>G1)</em></span> <span class='ocrx_word' id='word_1_299' title='bbox 2172 567 2205 605; x_wconf 85' lang='lat' dir='ltr'><em>p.</em></span> <span class='ocrx_word' id='word_1_300' title='bbox 2226 556 2287 594; x_wconf 89' lang='lat'><em>55.</em></span> 
     </span>
    </p>
   </div>
   <div class='ocr_carea' id='block_1_14' title="bbox 1438 708 2481 1112">
    <p class='ocr_par' dir='ltr' id='par_1_15' title="bbox 1438 708 2481 1112">
     <span class='ocr_line' id='line_1_50' title="bbox 1523 708 2478 763; baseline -0.001 -12"><span class='ocrx_word' id='word_1_301' title='bbox 1523 710 1786 751; x_wconf 82' lang='grc' dir='ltr'><em>Ἐπιλεκτέον</em></span> <span class='ocrx_word' id='word_1_302' title='bbox 1808 708 1985 760; x_wconf 68' lang='grc' dir='ltr'><em>εὐγενεῖς</em></span> <span class='ocrx_word' id='word_1_303' title='bbox 2005 715 2164 757; x_wconf 87' lang='grc' dir='ltr'><em>ἵππους</em></span> <span class='ocrx_word' id='word_1_304' title='bbox 2182 709 2277 756; x_wconf 87' lang='grc' dir='ltr'><em>τούς</em></span> <span class='ocrx_word' id='word_1_305' title='bbox 2295 725 2339 750; x_wconf 91' lang='grc' dir='ltr'><em>τε</em></span> <span class='ocrx_word' id='word_1_306' title='bbox 2358 709 2478 763; x_wconf 84' lang='grc' dir='ltr'><em>ἄρρε-</em></span> 
     </span>
     <span class='ocr_line' id='line_1_51' title="bbox 1441 779 2477 834; baseline 0 -14"><span class='ocrx_word' id='word_1_307' title='bbox 1441 796 1514 828; x_wconf 93' lang='grc' dir='ltr'><em>νας</em></span> <span class='ocrx_word' id='word_1_308' title='bbox 1542 782 1611 820; x_wconf 84' lang='grc' dir='ltr'><em>καὶ</em></span> <span class='ocrx_word' id='word_1_309' title='bbox 1632 782 1704 828; x_wconf 85' lang='grc' dir='ltr'><em>τὰς</em></span> <span class='ocrx_word' id='word_1_310' title='bbox 1724 781 1915 834; x_wconf 88' lang='grc' dir='ltr'><em>θηλείας,</em></span> <span class='ocrx_word' id='word_1_311' title='bbox 1945 782 2049 820; x_wconf 80' lang='grc' dir='ltr'><em>καθ’</em></span> <span class='ocrx_word' id='word_1_312' title='bbox 2070 779 2118 820; x_wconf 81' lang='grc' dir='ltr'><em>ὃν</em></span> <span class='ocrx_word' id='word_1_313' title='bbox 2137 780 2477 833; x_wconf 82' lang='grc' dir='ltr'><em>ἆναγραψόμεθα</em></span> 
     </span>
     <span class='ocr_line' id='line_1_52' title="bbox 1440 850 2479 903; baseline -0.001 -11"><span class='ocrx_word' id='word_1_314' title='bbox 1440 851 1598 903; x_wconf 88' lang='grc' dir='ltr'><em>τρόπον</em></span> <span class='ocrx_word' id='word_1_315' title='bbox 1626 854 1784 902; x_wconf 81' lang='lat' dir='ltr'>(corrige</span> <span class='ocrx_word' id='word_1_316' title='bbox 1824 850 1998 902; x_wconf 78' lang='grc' dir='ltr'><em>χρόνον).</em></span> <span class='ocrx_word' id='word_1_317' title='bbox 2056 851 2160 890; x_wconf 80' lang='grc' dir='ltr'><em>ἔστω</em></span> <span class='ocrx_word' id='word_1_318' title='bbox 2195 850 2217 892; x_wconf 86' lang='lat' dir='ltr'><em>o‘</em></span> <span class='ocrx_word' id='word_1_319' title='bbox 2248 852 2308 897; x_wconf 77' lang='grc' dir='ltr'><em>εἷς</em></span> <span class='ocrx_word' id='word_1_320' title='bbox 2337 850 2479 901; x_wconf 87' lang='grc' dir='ltr'><em>ὀχείαν</em></span> 
     </span>
     <span class='ocr_line' id='line_1_53' title="bbox 1441 919 2481 975; baseline -0.002 -13"><span class='ocrx_word' id='word_1_321' title='bbox 1441 920 1872 975; x_wconf 83' lang='grc' dir='ltr'><em>παραλαμβανόμενος</em></span> <span class='ocrx_word' id='word_1_322' title='bbox 1893 925 2027 967; x_wconf 87' lang='grc' dir='ltr'><em>ἵππος</em></span> <span class='ocrx_word' id='word_1_323' title='bbox 2046 923 2279 973; x_wconf 88' lang='grc' dir='ltr'><em>πενταέτης.</em></span> <span class='ocrx_word' id='word_1_324' title='bbox 2315 919 2337 961; x_wconf 81' lang='grc' dir='ltr'>ὁ</span> <span class='ocrx_word' id='word_1_325' title='bbox 2358 919 2481 967; x_wconf 80' lang='grc' dir='ltr'><em>αὐτὸς</em></span> 
     </span>
     <span class='ocr_line' id='line_1_54' title="bbox 1439 988 2477 1043; baseline -0.003 -12"><span class='ocrx_word' id='word_1_326' title='bbox 1439 992 1486 1031; x_wconf 80' lang='grc' dir='ltr'><em>δὲ</em></span> <span class='ocrx_word' id='word_1_327' title='bbox 1513 990 1658 1043; x_wconf 86' lang='grc' dir='ltr'><em>χρόνος</em></span> <span class='ocrx_word' id='word_1_328' title='bbox 1686 992 1756 1029; x_wconf 80' lang='grc' dir='ltr'><em>καὶ</em></span> <span class='ocrx_word' id='word_1_329' title='bbox 1777 991 1850 1029; x_wconf 79' lang='grc' dir='ltr'><em>ἐπὶ</em></span> <span class='ocrx_word' id='word_1_330' title='bbox 1870 992 1951 1030; x_wconf 90' lang='grc' dir='ltr'><em>τῶν</em></span> <span class='ocrx_word' id='word_1_331' title='bbox 1970 990 2157 1042; x_wconf 76' lang='grc' dir='ltr'><em>θηλειῶν</em></span> <span class='ocrx_word' id='word_1_332' title='bbox 2177 988 2350 1042; x_wconf 75' lang='grc' dir='ltr'><em>ὡρίσθω</em></span> <span class='ocrx_word' id='word_1_333' title='bbox 2374 1020 2382 1028; x_wconf 93' lang='grc'><strong>.</strong></span> <span class='ocrx_word' id='word_1_334' title='bbox 2406 1020 2414 1028; x_wconf 91' lang='grc'><strong>.</strong></span> <span class='ocrx_word' id='word_1_335' title='bbox 2438 1020 2445 1027; x_wconf 95' lang='grc'><strong>.</strong></span> <span class='ocrx_word' id='word_1_336' title='bbox 2470 1020 2477 1028; x_wconf 94' lang='grc'><strong>.</strong></span> 
     </span>
     <span class='ocr_line' id='line_1_55' title="bbox 1438 1062 2157 1112; baseline -0.004 -11"><span class='ocrx_word' id='word_1_337' title='bbox 1438 1064 1549 1112; x_wconf 82' lang='lat' dir='ltr'>(quae</span> <span class='ocrx_word' id='word_1_338' title='bbox 1580 1068 1760 1100; x_wconf 82' lang='lat' dir='ltr'>secuntur</span> <span class='ocrx_word' id='word_1_339' title='bbox 1787 1062 1892 1099; x_wconf 86' lang='lat' dir='ltr'>attuli</span> <span class='ocrx_word' id='word_1_340' title='bbox 1924 1062 2017 1099; x_wconf 77' lang='lat' dir='ltr'>infra</span> <span class='ocrx_word' id='word_1_341' title='bbox 2048 1074 2083 1110; x_wconf 89' lang='lat' dir='ltr'><em>p.</em></span> <span class='ocrx_word' id='word_1_342' title='bbox 2104 1063 2157 1110; x_wconf 87' lang='lat'><em>7).</em></span> 
     </span>
    </p>
   </div>
   <div class='ocr_carea' id='block_1_15' title="bbox 1438 1134 2477 1336">
    <p class='ocr_par' dir='ltr' id='par_1_16' title="bbox 1438 1134 2477 1336">
     <span class='ocr_line' id='line_1_56' title="bbox 1523 1134 2477 1177; baseline -0.002 -9"><span class='ocrx_word' id='word_1_343' title='bbox 1523 1136 1644 1177; x_wconf 82' lang='lat' dir='ltr'>(Aliter</span> <span class='ocrx_word' id='word_1_344' title='bbox 1667 1134 1767 1177; x_wconf 81' lang='lat' dir='ltr'>Geop.</span> <span class='ocrx_word' id='word_1_345' title='bbox 1785 1135 1863 1167; x_wconf 75' lang='lat' dir='ltr'><em>xv}</em></span> <span class='ocrx_word' id='word_1_346' title='bbox 1882 1136 1909 1174; x_wconf 93' lang='grc'><em>1,</em></span> <span class='ocrx_word' id='word_1_347' title='bbox 1928 1136 1962 1173; x_wconf 77' lang='grc' dir='ltr'><em>1ς</em></span> <span class='ocrx_word' id='word_1_348' title='bbox 1995 1135 2097 1169; x_wconf 79' lang='lat' dir='ltr'>Varro</span> <span class='ocrx_word' id='word_1_349' title='bbox 2123 1135 2153 1175; x_wconf 82' lang='lat'><em>2,</em></span> <span class='ocrx_word' id='word_1_350' title='bbox 2170 1137 2201 1176; x_wconf 84' lang='lat'><em>7,</em></span> <span class='ocrx_word' id='word_1_351' title='bbox 2220 1136 2253 1175; x_wconf 80' lang='lat'><em>13</em></span> <span class='ocrx_word' id='word_1_352' title='bbox 2287 1136 2355 1168; x_wconf 88' lang='lat' dir='ltr'><em>Col.</em></span> <span class='ocrx_word' id='word_1_353' title='bbox 2373 1136 2404 1175; x_wconf 83' lang='lat'><em>6,</em></span> <span class='ocrx_word' id='word_1_354' title='bbox 2423 1136 2477 1167; x_wconf 76' lang='lat'><em>28:</em></span> 
     </span>
     <span class='ocr_line' id='line_1_57' title="bbox 1438 1188 2477 1231; baseline -0.003 -10"><span class='ocrx_word' id='word_1_355' title='bbox 1438 1190 1491 1231; x_wconf 83' lang='lat' dir='ltr'><em>qui</em></span> <span class='ocrx_word' id='word_1_356' title='bbox 1523 1189 1746 1221; x_wconf 72' lang='lat' dir='ltr'>admissionem</span> <span class='ocrx_word' id='word_1_357' title='bbox 1783 1189 2001 1220; x_wconf 77' lang='lat' dir='ltr'>fieri-iubent</span> <span class='ocrx_word' id='word_1_358' title='bbox 2033 1198 2052 1219; x_wconf 89' lang='lat' dir='ltr'>a</span> <span class='ocrx_word' id='word_1_359' title='bbox 2086 1189 2185 1219; x_wconf 82' lang='lat' dir='ltr'>tertio</span> <span class='ocrx_word' id='word_1_360' title='bbox 2220 1188 2288 1220; x_wconf 80' lang='lat' dir='ltr'>fere</span> <span class='ocrx_word' id='word_1_361' title='bbox 2318 1199 2416 1229; x_wconf 72' lang='lat' dir='ltr'>unque</span> <span class='ocrx_word' id='word_1_362' title='bbox 2439 1189 2477 1219; x_wconf 87' lang='lat' dir='ltr'><em>ad</em></span> 
     </span>
     <span class='ocr_line' id='line_1_58' title="bbox 1438 1242 2476 1281; baseline -0.002 -6"><span class='ocrx_word' id='word_1_363' title='bbox 1438 1244 1589 1275; x_wconf 84' lang='lat' dir='ltr'>decimum</span> <span class='ocrx_word' id='word_1_364' title='bbox 1618 1254 1742 1275; x_wconf 82' lang='lat' dir='ltr'>annum.</span> <span class='ocrx_word' id='word_1_365' title='bbox 1788 1242 1835 1274; x_wconf 81' lang='lat' dir='ltr'><em>Cf.</em></span> <span class='ocrx_word' id='word_1_366' title='bbox 1860 1243 1957 1275; x_wconf 87' lang='lat' dir='ltr'>etiam</span> <span class='ocrx_word' id='word_1_367' title='bbox 1980 1243 2119 1274; x_wconf 75' lang='lat' dir='ltr'><em>Aristot.</em></span> <span class='ocrx_word' id='word_1_368' title='bbox 2141 1243 2171 1274; x_wconf 76' lang='lat' dir='ltr'><em>h.</em></span> <span class='ocrx_word' id='word_1_369' title='bbox 2195 1253 2224 1274; x_wconf 93' lang='lat' dir='ltr'><em>a.</em></span> <span class='ocrx_word' id='word_1_370' title='bbox 2248 1245 2276 1281; x_wconf 81' lang='lat'><em>6,</em></span> <span class='ocrx_word' id='word_1_371' title='bbox 2302 1243 2359 1281; x_wconf 77' lang='lat'><em>223</em></span> <span class='ocrx_word' id='word_1_372' title='bbox 2395 1242 2476 1274; x_wconf 85' lang='lat' dir='ltr'>Plin.</span> 
     </span>
     <span class='ocr_line' id='line_1_59' title="bbox 1438 1295 1678 1336; baseline 0.004 -9"><span class='ocrx_word' id='word_1_373' title='bbox 1438 1297 1467 1327; x_wconf 84' lang='lat' dir='ltr'><em>h.</em></span> <span class='ocrx_word' id='word_1_374' title='bbox 1494 1307 1522 1328; x_wconf 89' lang='lat' dir='ltr'><em>n.</em></span> <span class='ocrx_word' id='word_1_375' title='bbox 1547 1296 1577 1336; x_wconf 85' lang='lat'><em>8,</em></span> <span class='ocrx_word' id='word_1_376' title='bbox 1598 1295 1678 1335; x_wconf 73' lang='lat'><strong>163.)</strong></span> 
     </span>
    </p>
   </div>
   <div class='ocr_carea' id='block_1_16' title="bbox 1436 1482 2478 2228">
    <p class='ocr_par' dir='ltr' id='par_1_17' title="bbox 1436 1482 2478 1953">
     <span class='ocr_line' id='line_1_60' title="bbox 1441 1482 2478 1534; baseline 0.001 -14"><span class='ocrx_word' id='word_1_377' title='bbox 1441 1512 1572 1520; x_wconf 92' lang='grc'><strong><em>.....</em></strong></span> <span class='ocrx_word' id='word_1_378' title='bbox 1593 1482 1662 1521; x_wconf 76' lang='grc' dir='ltr'><em>δεῖ</em></span> <span class='ocrx_word' id='word_1_379' title='bbox 1689 1482 1736 1521; x_wconf 84' lang='grc' dir='ltr'><em>δὲ</em></span> <span class='ocrx_word' id='word_1_380' title='bbox 1764 1483 1857 1528; x_wconf 80' lang='grc' dir='ltr'><em>τοὺς</em></span> <span class='ocrx_word' id='word_1_381' title='bbox 1886 1482 2058 1534; x_wconf 81' lang='grc' dir='ltr'><em>ἄρρενας</em></span> <span class='ocrx_word' id='word_1_382' title='bbox 2088 1483 2169 1533; x_wconf 89' lang='grc' dir='ltr'><em>πρὸ</em></span> <span class='ocrx_word' id='word_1_383' title='bbox 2198 1485 2321 1520; x_wconf 85' lang='grc' dir='ltr'><em>πέντε</em></span> <span class='ocrx_word' id='word_1_384' title='bbox 2341 1484 2478 1533; x_wconf 82' lang='grc' dir='ltr'><em>μηνῶν</em></span> 
     </span>
     <span class='ocr_line' id='line_1_61' title="bbox 1437 1550 2478 1603; baseline -0.001 -12"><span class='ocrx_word' id='word_1_385' title='bbox 1437 1551 1628 1603; x_wconf 85' lang='grc' dir='ltr'><em>χωρίζειν</em></span> <span class='ocrx_word' id='word_1_386' title='bbox 1665 1550 1750 1592; x_wconf 82' lang='grc' dir='ltr'><em>ἀπὸ</em></span> <span class='ocrx_word' id='word_1_387' title='bbox 1789 1554 1870 1591; x_wconf 91' lang='grc' dir='ltr'><em>τῶν</em></span> <span class='ocrx_word' id='word_1_388' title='bbox 1903 1552 2100 1603; x_wconf 87' lang='grc' dir='ltr'><em>θηλειῶν,</em></span> <span class='ocrx_word' id='word_1_389' title='bbox 2141 1552 2394 1603; x_wconf 85' lang='grc' dir='ltr'><em>προδιαιτᾶν</em></span> <span class='ocrx_word' id='word_1_390' title='bbox 2432 1551 2478 1590; x_wconf 78' lang='grc' dir='ltr'><em>δὲ</em></span> 
     </span>
     <span class='ocr_line' id='line_1_62' title="bbox 1438 1620 2477 1674; baseline -0.002 -12"><span class='ocrx_word' id='word_1_391' title='bbox 1438 1620 1586 1668; x_wconf 79' lang='grc' dir='ltr'><em>αὐτοὺς</em></span> <span class='ocrx_word' id='word_1_392' title='bbox 1608 1625 1708 1674; x_wconf 81' lang='grc' dir='ltr'><em>σίτῳ</em></span> <span class='ocrx_word' id='word_1_393' title='bbox 1728 1623 1799 1660; x_wconf 79' lang='grc' dir='ltr'><em>καὶ</em></span> <span class='ocrx_word' id='word_1_394' title='bbox 1820 1620 1954 1672; x_wconf 82' lang='grc' dir='ltr'><em>ὀρόβῳ</em></span> <span class='ocrx_word' id='word_1_395' title='bbox 1977 1623 2281 1674; x_wconf 84' lang='grc' dir='ltr'><em>πεφρυγμένοις</em></span> <span class='ocrx_word' id='word_1_396' title='bbox 2304 1621 2369 1660; x_wconf 79' lang='grc' dir='ltr'><em>ἐπ’</em></span> <span class='ocrx_word' id='word_1_397' title='bbox 2389 1620 2477 1661; x_wconf 85' lang='grc' dir='ltr'><em>ὀλί-</em></span> 
     </span>
     <span class='ocr_line' id='line_1_63' title="bbox 1436 1689 2476 1743; baseline -0.003 -12"><span class='ocrx_word' id='word_1_398' title='bbox 1436 1705 1511 1740; x_wconf 73' lang='grc' dir='ltr'><em>γον</em></span> <span class='ocrx_word' id='word_1_399' title='bbox 1530 1692 1600 1730; x_wconf 86' lang='grc' dir='ltr'><em>καὶ</em></span> <span class='ocrx_word' id='word_1_400' title='bbox 1630 1690 1847 1743; x_wconf 83' lang='grc' dir='ltr'><em>σεμιδάλει</em></span> <span class='ocrx_word' id='word_1_401' title='bbox 1873 1690 1993 1730; x_wconf 82' lang='grc' dir='ltr'><em>ὕδατι</em></span> <span class='ocrx_word' id='word_1_402' title='bbox 2014 1693 2212 1743; x_wconf 75' lang='grc' dir='ltr'><em>βραχείση</em></span> <span class='ocrx_word' id='word_1_403' title='bbox 2233 1689 2476 1742; x_wconf 76' lang='grc' dir='ltr'><em>ἀρκούντως.</em></span> 
     </span>
     <span class='ocr_line' id='line_1_64' title="bbox 1437 1756 2477 1814; baseline 0 -15"><span class='ocrx_word' id='word_1_404' title='bbox 1437 1761 1711 1814; x_wconf 87' lang='grc' dir='ltr'><em>σφοδρότεροι</em></span> <span class='ocrx_word' id='word_1_405' title='bbox 1749 1762 1826 1811; x_wconf 85' lang='grc' dir='ltr'><em>γὰρ</em></span> <span class='ocrx_word' id='word_1_406' title='bbox 1865 1762 1969 1813; x_wconf 87' lang='grc' dir='ltr'><em>πρὸς</em></span> <span class='ocrx_word' id='word_1_407' title='bbox 2001 1761 2075 1812; x_wconf 79' lang='grc' dir='ltr'><em>τὴν</em></span> <span class='ocrx_word' id='word_1_408' title='bbox 2107 1756 2249 1810; x_wconf 86' lang='grc' dir='ltr'><em>ὀχείαν</em></span> <span class='ocrx_word' id='word_1_409' title='bbox 2276 1764 2477 1809; x_wconf 87' lang='grc' dir='ltr'><em>γίνονται.</em></span> 
     </span>
     <span class='ocr_line' id='line_1_65' title="bbox 1437 1830 2477 1882; baseline -0.001 -12"><span class='ocrx_word' id='word_1_410' title='bbox 1437 1831 1581 1881; x_wconf 83' lang='grc' dir='ltr'><em>καιρὸς</em></span> <span class='ocrx_word' id='word_1_411' title='bbox 1608 1833 1678 1879; x_wconf 83' lang='grc' dir='ltr'><em>τῆς</em></span> <span class='ocrx_word' id='word_1_412' title='bbox 1707 1830 1846 1880; x_wconf 87' lang='grc' dir='ltr'><em>ὀχείας</em></span> <span class='ocrx_word' id='word_1_413' title='bbox 1875 1830 1960 1870; x_wconf 78' lang='grc' dir='ltr'><em>ἀπὸ</em></span> <span class='ocrx_word' id='word_1_414' title='bbox 1982 1831 2145 1882; x_wconf 78' lang='grc' dir='ltr'><em>ἐαρινῆς</em></span> <span class='ocrx_word' id='word_1_415' title='bbox 2166 1832 2381 1882; x_wconf 74' lang='grc' dir='ltr'><em>ἰσημερίας</em></span> <span class='ocrx_word' id='word_1_416' title='bbox 2402 1835 2477 1876; x_wconf 74' lang='grc' dir='ltr'><em>ἕως</em></span> 
     </span>
     <span class='ocr_line' id='line_1_66' title="bbox 1437 1899 1825 1953; baseline -0.003 -13"><span class='ocrx_word' id='word_1_417' title='bbox 1437 1899 1604 1952; x_wconf 88' lang='grc' dir='ltr'><em>τρόπων</em></span> <span class='ocrx_word' id='word_1_418' title='bbox 1633 1902 1825 1953; x_wconf 86' lang='grc' dir='ltr'><em>θερινῶν.</em></span> 
     </span>
    </p>

    <p class='ocr_par' dir='ltr' id='par_1_18' title="bbox 1437 1967 2478 2228">
     <span class='ocr_line' id='line_1_67' title="bbox 1523 1967 2478 2013; baseline -0.003 -10"><span class='ocrx_word' id='word_1_419' title='bbox 1523 1970 1582 2011; x_wconf 77' lang='lat' dir='ltr'><em>(cf.</em></span> <span class='ocrx_word' id='word_1_420' title='bbox 1610 1971 1706 2012; x_wconf 86' lang='lat' dir='ltr'>Geop.</span> <span class='ocrx_word' id='word_1_421' title='bbox 1730 1971 1807 2003; x_wconf 88' lang='lat' dir='ltr'><em>XVI</em></span> <span class='ocrx_word' id='word_1_422' title='bbox 1834 1973 1861 2009; x_wconf 95' lang='lat' dir='ltr'><em>l,</em></span> <span class='ocrx_word' id='word_1_423' title='bbox 1885 1972 1903 2002; x_wconf 89' lang='lat'><strong>3</strong></span> <span class='ocrx_word' id='word_1_424' title='bbox 1935 1968 2053 2013; x_wconf 87' lang='grc' dir='ltr'><em>καιρὸς</em></span> <span class='ocrx_word' id='word_1_425' title='bbox 2081 1971 2117 2003; x_wconf 81' lang='grc' dir='ltr'><em>δὲ</em></span> <span class='ocrx_word' id='word_1_426' title='bbox 2146 1972 2207 2003; x_wconf 83' lang='grc' dir='ltr'><em>τοῦ</em></span> <span class='ocrx_word' id='word_1_427' title='bbox 2236 1969 2384 2011; x_wconf 71' lang='grc' dir='ltr'><em>βιράζειν</em></span> <span class='ocrx_word' id='word_1_428' title='bbox 2406 1967 2478 2001; x_wconf 78' lang='grc' dir='ltr'><em>ἀπὸ</em></span> 
     </span>
     <span class='ocr_line' id='line_1_68' title="bbox 1439 2023 2477 2067; baseline -0.001 -12"><span class='ocrx_word' id='word_1_429' title='bbox 1439 2026 1615 2067; x_wconf 73' lang='grc' dir='ltr'><em>ἰσημερίας</em></span> <span class='ocrx_word' id='word_1_430' title='bbox 1647 2025 1795 2065; x_wconf 76' lang='grc' dir='ltr'><em>ἐαρινῆς,</em></span> <span class='ocrx_word' id='word_1_431' title='bbox 1828 2027 1997 2057; x_wconf 73' lang='grc' dir='ltr'><em>τουτέστιν</em></span> <span class='ocrx_word' id='word_1_432' title='bbox 2031 2024 2104 2056; x_wconf 77' lang='grc' dir='ltr'><em>ἀπὸ</em></span> <span class='ocrx_word' id='word_1_433' title='bbox 2138 2024 2195 2065; x_wconf 83' lang='grc' dir='ltr'><em>κβ’</em></span> <span class='ocrx_word' id='word_1_434' title='bbox 2220 2027 2380 2066; x_wconf 71' lang='grc' dir='ltr'><em>Μαρτίου</em></span> <span class='ocrx_word' id='word_1_435' title='bbox 2415 2023 2477 2058; x_wconf 81' lang='grc' dir='ltr'><em>ἕως</em></span> 
     </span>
     <span class='ocr_line' id='line_1_69' title="bbox 1437 2075 2476 2120; baseline -0.002 -11"><span class='ocrx_word' id='word_1_436' title='bbox 1437 2075 1493 2118; x_wconf 78' lang='grc' dir='ltr'><em>κβ’</em></span> <span class='ocrx_word' id='word_1_437' title='bbox 1515 2075 1671 2117; x_wconf 81' lang='grc' dir='ltr'><em>Ἰουνίου,</em></span> <span class='ocrx_word' id='word_1_438' title='bbox 1692 2078 1748 2111; x_wconf 74' lang='grc' dir='ltr'><em>ἵνα</em></span> <span class='ocrx_word' id='word_1_439' title='bbox 1773 2076 1790 2109; x_wconf 84' lang='grc' dir='ltr'>ὁ</span> <span class='ocrx_word' id='word_1_440' title='bbox 1817 2076 1950 2113; x_wconf 81' lang='grc' dir='ltr'><em>τοκετὸς</em></span> <span class='ocrx_word' id='word_1_441' title='bbox 1972 2080 2104 2120; x_wconf 51' lang='grc' dir='ltr'><em>γένηται</em></span> <span class='ocrx_word' id='word_1_442' title='bbox 2132 2080 2211 2120; x_wconf 76' lang='grc' dir='ltr'><em>περὶ</em></span> <span class='ocrx_word' id='word_1_443' title='bbox 2236 2076 2297 2117; x_wconf 79' lang='grc' dir='ltr'><em>τὴν</em></span> <span class='ocrx_word' id='word_1_444' title='bbox 2319 2075 2476 2118; x_wconf 74' lang='grc' dir='ltr'><em>εὔκρατο-</em></span> 
     </span>
     <span class='ocr_line' id='line_1_70' title="bbox 1439 2127 2477 2176; baseline -0.002 -13"><span class='ocrx_word' id='word_1_445' title='bbox 1439 2129 1544 2173; x_wconf 79' lang='grc' dir='ltr'><em>τιὶτην</em></span> <span class='ocrx_word' id='word_1_446' title='bbox 1564 2132 1621 2164; x_wconf 77' lang='grc' dir='ltr'><em>τοιῖ</em></span> <span class='ocrx_word' id='word_1_447' title='bbox 1647 2129 1740 2167; x_wconf 73' lang='grc' dir='ltr'><em>ἔτους</em></span> <span class='ocrx_word' id='word_1_448' title='bbox 1763 2129 1856 2176; x_wconf 81' lang='grc' dir='ltr'><em>ὥραν</em></span> <span class='ocrx_word' id='word_1_449' title='bbox 1877 2134 1933 2164; x_wconf 84' lang='grc' dir='ltr'><em>καὶ</em></span> <span class='ocrx_word' id='word_1_450' title='bbox 1957 2127 2065 2174; x_wconf 84' lang='grc' dir='ltr'><em>χλόην</em></span> <span class='ocrx_word' id='word_1_451' title='bbox 2087 2130 2249 2174; x_wconf 81' lang='grc' dir='ltr'><em>ἔχουσαν,</em></span> <span class='ocrx_word' id='word_1_452' title='bbox 2283 2132 2376 2175; x_wconf 70' lang='grc' dir='ltr'><em>(μ’ρει</em></span> <span class='ocrx_word' id='word_1_453' title='bbox 2411 2127 2477 2173; x_wconf 80' lang='grc' dir='ltr'><em>γὰρ</em></span> 
     </span>
     <span class='ocr_line' id='line_1_71' title="bbox 1438 2183 2369 2228; baseline 0 -12"><span class='ocrx_word' id='word_1_454' title='bbox 1438 2185 1523 2217; x_wconf 82' lang='grc' dir='ltr'><em>κατὰ</em></span> <span class='ocrx_word' id='word_1_455' title='bbox 1545 2183 1696 2227; x_wconf 77' lang='grc' dir='ltr'><em>γαστρὸς</em></span> <span class='ocrx_word' id='word_1_456' title='bbox 1719 2184 1737 2225; x_wconf 83' lang='grc' dir='ltr'>ἡ</span> <span class='ocrx_word' id='word_1_457' title='bbox 1761 2186 1869 2222; x_wconf 76' lang='grc' dir='ltr'><em>ἵππος</em></span> <span class='ocrx_word' id='word_1_458' title='bbox 1889 2187 2000 2228; x_wconf 85' lang='grc' dir='ltr'><em>μῆνας</em></span> <span class='ocrx_word' id='word_1_459' title='bbox 2023 2185 2067 2217; x_wconf 85' lang='grc' dir='ltr'><em>ια’</em></span> <span class='ocrx_word' id='word_1_460' title='bbox 2093 2188 2151 2217; x_wconf 84' lang='grc' dir='ltr'><em>καὶ</em></span> <span class='ocrx_word' id='word_1_461' title='bbox 2174 2185 2302 2227; x_wconf 74' lang='grc' dir='ltr'><em>ἡμέρας</em></span> <span class='ocrx_word' id='word_1_462' title='bbox 2322 2183 2369 2223; x_wconf 86' lang='grc' dir='ltr'><em>ι’.)</em></span> 
     </span>
    </p>
   </div>
   <div class='ocr_carea' id='block_1_17' title="bbox 1438 2250 2476 2442">
    <p class='ocr_par' dir='ltr' id='par_1_19' title="bbox 1438 2250 2476 2442">
     <span class='ocr_line' id='line_1_72' title="bbox 1439 2250 2476 2303; baseline -0.003 -13"><span class='ocrx_word' id='word_1_463' title='bbox 1439 2250 1511 2302; x_wconf 77' lang='grc' dir='ltr'><em>τήν</em></span> <span class='ocrx_word' id='word_1_464' title='bbox 1540 2250 1720 2302; x_wconf 82' lang='grc' dir='ltr'><em>θήλειαν</em></span> <span class='ocrx_word' id='word_1_465' title='bbox 1757 2251 1802 2290; x_wconf 80' lang='grc' dir='ltr'><em>δὲ</em></span> <span class='ocrx_word' id='word_1_466' title='bbox 1843 2256 1979 2291; x_wconf 87' lang='grc' dir='ltr'><em>ἵππον</em></span> <span class='ocrx_word' id='word_1_467' title='bbox 2010 2252 2150 2303; x_wconf 76' lang='grc' dir='ltr'><em>ἶσχνην</em></span> <span class='ocrx_word' id='word_1_468' title='bbox 2179 2253 2246 2290; x_wconf 84' lang='grc' dir='ltr'><em>καὶ</em></span> <span class='ocrx_word' id='word_1_469' title='bbox 2276 2251 2476 2302; x_wconf 80' lang='grc' dir='ltr'><em>ρυπῶσαν</em></span> 
     </span>
     <span class='ocr_line' id='line_1_73' title="bbox 1440 2318 2474 2371; baseline -0.002 -12"><span class='ocrx_word' id='word_1_470' title='bbox 1440 2318 1665 2368; x_wconf 87' lang='grc' dir='ltr'><em>ὀχεύεσθαι</em></span> <span class='ocrx_word' id='word_1_471' title='bbox 1705 2324 1966 2371; x_wconf 85' lang='grc' dir='ltr'><em>παρορατέον</em></span> <span class='ocrx_word' id='word_1_472' title='bbox 2000 2323 2214 2371; x_wconf 78' lang='lat' dir='ltr'>(legendum</span> <span class='ocrx_word' id='word_1_473' title='bbox 2257 2332 2474 2369; x_wconf 88' lang='grc' dir='ltr'><em>παραστα-</em></span> 
     </span>
     <span class='ocr_line' id='line_1_74' title="bbox 1438 2388 2475 2442; baseline -0.001 -13"><span class='ocrx_word' id='word_1_474' title='bbox 1438 2391 1558 2437; x_wconf 79' lang='grc' dir='ltr'><em>τέον).</em></span> <span class='ocrx_word' id='word_1_475' title='bbox 1596 2389 1713 2429; x_wconf 74' lang='grc' dir='ltr'><em>δοκεῖ</em></span> <span class='ocrx_word' id='word_1_476' title='bbox 1739 2390 1816 2440; x_wconf 85' lang='grc' dir='ltr'><em>γὰρ</em></span> <span class='ocrx_word' id='word_1_477' title='bbox 1846 2392 1962 2442; x_wconf 85' lang='grc' dir='ltr'><em>παρὰ</em></span> <span class='ocrx_word' id='word_1_478' title='bbox 1989 2391 2061 2437; x_wconf 86' lang='grc' dir='ltr'><em>τὰς</em></span> <span class='ocrx_word' id='word_1_479' title='bbox 2084 2389 2280 2436; x_wconf 88' lang='grc' dir='ltr'><em>τοιαύτας</em></span> <span class='ocrx_word' id='word_1_480' title='bbox 2300 2388 2322 2429; x_wconf 86' lang='grc' dir='ltr'>ὁ</span> <span class='ocrx_word' id='word_1_481' title='bbox 2344 2394 2475 2435; x_wconf 85' lang='grc' dir='ltr'><em>ἵππος</em></span> 
     </span>
    </p>
   </div>
   <div class='ocr_carea' id='block_1_18' title="bbox 1439 2462 1702 2465">
    <p class='ocr_par' dir='ltr' id='par_1_20' title="bbox 1439 2462 1702 2465">
     <span class='ocr_line' id='line_1_75' title="bbox 1439 2462 1702 2465; baseline 0 0"><span class='ocrx_word' id='word_1_482' title='bbox 1439 2462 1702 2465; x_wconf 95' lang='lat' dir='ltr'><em> </em></span> 
     </span>
    </p>
   </div>
   <div class='ocr_carea' id='block_1_19' title="bbox 1433 2487 2477 3120">
    <p class='ocr_par' dir='ltr' id='par_1_21' title="bbox 1433 2487 2477 3120">
     <span class='ocr_line' id='line_1_76' title="bbox 1526 2487 2474 2530; baseline -0.001 -12"><span class='ocrx_word' id='word_1_483' title='bbox 1526 2487 1548 2525; x_wconf 78' lang='lat'><em>¹)</em></span> <span class='ocrx_word' id='word_1_484' title='bbox 1573 2488 1605 2519; x_wconf 88' lang='lat' dir='ltr'><em>id</em></span> <span class='ocrx_word' id='word_1_485' title='bbox 1630 2493 1679 2519; x_wconf 87' lang='lat' dir='ltr'><em>est</em></span> <span class='ocrx_word' id='word_1_486' title='bbox 1702 2488 1812 2519; x_wconf 89' lang='lat' dir='ltr'>unicae</span> <span class='ocrx_word' id='word_1_487' title='bbox 1837 2498 1916 2529; x_wconf 88' lang='lat' dir='ltr'>quae</span> <span class='ocrx_word' id='word_1_488' title='bbox 1933 2493 2023 2520; x_wconf 85' lang='lat' dir='ltr'>extat</span> <span class='ocrx_word' id='word_1_489' title='bbox 2039 2488 2301 2530; x_wconf 77' lang='lat' dir='ltr'>hippiatricorum</span> <span class='ocrx_word' id='word_1_490' title='bbox 2319 2488 2474 2518; x_wconf 80' lang='lat' dir='ltr'>editionis</span> 
     </span>
     <span class='ocr_line' id='line_1_77' title="bbox 1438 2540 2474 2582; baseline -0.001 -12"><span class='ocrx_word' id='word_1_491' title='bbox 1438 2552 1454 2570; x_wconf 79' lang='lat' dir='ltr'><strong>a</strong></span> <span class='ocrx_word' id='word_1_492' title='bbox 1480 2541 1631 2582; x_wconf 84' lang='lat' dir='ltr'>Grynaeo</span> <span class='ocrx_word' id='word_1_493' title='bbox 1656 2540 1710 2580; x_wconf 85' lang='lat' dir='ltr'><em>(G)</em></span> <span class='ocrx_word' id='word_1_494' title='bbox 1734 2546 1880 2572; x_wconf 81' lang='lat' dir='ltr'>curatae:</span> <span class='ocrx_word' id='word_1_495' title='bbox 1915 2542 2154 2572; x_wconf 82' lang='lat' dir='ltr'>‘Veterinariae</span> <span class='ocrx_word' id='word_1_496' title='bbox 2188 2542 2365 2572; x_wconf 86' lang='lat' dir='ltr'>medicinae</span> <span class='ocrx_word' id='word_1_497' title='bbox 2400 2541 2474 2570; x_wconf 78' lang='lat' dir='ltr'>libri</span> 
     </span>
     <span class='ocr_line' id='line_1_78' title="bbox 1437 2594 2475 2636; baseline 0 -11"><span class='ocrx_word' id='word_1_498' title='bbox 1437 2596 1496 2625; x_wconf 91' lang='lat' dir='ltr'><em>duo</em></span> <span class='ocrx_word' id='word_1_499' title='bbox 1525 2619 1532 2626; x_wconf 93' lang='lat'><strong>.</strong></span> <span class='ocrx_word' id='word_1_500' title='bbox 1551 2618 1557 2625; x_wconf 94' lang='lat'><strong>.</strong></span> <span class='ocrx_word' id='word_1_501' title='bbox 1576 2619 1582 2625; x_wconf 92' lang='lat'><strong>.</strong></span> <span class='ocrx_word' id='word_1_502' title='bbox 1602 2617 1609 2624; x_wconf 97' lang='lat'><strong>.</strong></span> <span class='ocrx_word' id='word_1_503' title='bbox 1637 2604 1751 2633; x_wconf 79' lang='lat' dir='ltr'>graeca</span> <span class='ocrx_word' id='word_1_504' title='bbox 1782 2595 1889 2633; x_wconf 77' lang='lat' dir='ltr'>lingua</span> <span class='ocrx_word' id='word_1_505' title='bbox 1927 2596 2059 2636; x_wconf 83' lang='lat' dir='ltr'>primum</span> <span class='ocrx_word' id='word_1_506' title='bbox 2095 2596 2125 2625; x_wconf 89' lang='lat' dir='ltr'><em>in</em></span> <span class='ocrx_word' id='word_1_507' title='bbox 2150 2595 2253 2626; x_wconf 87' lang='lat' dir='ltr'>lucem</span> <span class='ocrx_word' id='word_1_508' title='bbox 2277 2594 2370 2625; x_wconf 86' lang='lat' dir='ltr'>editi’</span> <span class='ocrx_word' id='word_1_509' title='bbox 2392 2595 2475 2633; x_wconf 86' lang='lat' dir='ltr'>(sine</span> 
     </span>
     <span class='ocr_line' id='line_1_79' title="bbox 1436 2647 2476 2690; baseline 0.001 -12"><span class='ocrx_word' id='word_1_510' title='bbox 1436 2647 1571 2679; x_wconf 78' lang='lat' dir='ltr'>editoris</span> <span class='ocrx_word' id='word_1_511' title='bbox 1608 2647 1755 2687; x_wconf 88' lang='lat' dir='ltr'>nomine),</span> <span class='ocrx_word' id='word_1_512' title='bbox 1789 2647 1935 2679; x_wconf 83' lang='lat' dir='ltr'>Basileae</span> <span class='ocrx_word' id='word_1_513' title='bbox 1964 2649 2043 2681; x_wconf 77' lang='lat'><strong>1537</strong></span> <span class='ocrx_word' id='word_1_514' title='bbox 2077 2650 2158 2690; x_wconf 87' lang='lat' dir='ltr'>apud</span> <span class='ocrx_word' id='word_1_515' title='bbox 2195 2649 2264 2680; x_wconf 71' lang='lat' dir='ltr'><em>soh.</em></span> <span class='ocrx_word' id='word_1_516' title='bbox 2292 2648 2476 2680; x_wconf 79' lang='lat' dir='ltr'>Vaiderum.</span> 
     </span>
     <span class='ocr_line' id='line_1_80' title="bbox 1436 2700 2475 2743; baseline 0.002 -12"><span class='ocrx_word' id='word_1_517' title='bbox 1436 2700 1580 2743; x_wconf 78' lang='lat' dir='ltr'>Grynaei</span> <span class='ocrx_word' id='word_1_518' title='bbox 1603 2706 1785 2733; x_wconf 81' lang='lat' dir='ltr'>contextum</span> <span class='ocrx_word' id='word_1_519' title='bbox 1812 2701 2009 2732; x_wconf 76' lang='lat' dir='ltr'>foedissimis</span> <span class='ocrx_word' id='word_1_520' title='bbox 2034 2703 2200 2733; x_wconf 81' lang='lat' dir='ltr'>erroribus</span> <span class='ocrx_word' id='word_1_521' title='bbox 2218 2703 2333 2742; x_wconf 82' lang='lat' dir='ltr'>ubique</span> <span class='ocrx_word' id='word_1_522' title='bbox 2351 2708 2475 2733; x_wconf 84' lang='lat' dir='ltr'>scaten—</span> 
     </span>
     <span class='ocr_line' id='line_1_81' title="bbox 1433 2755 2477 2797; baseline 0.002 -11"><span class='ocrx_word' id='word_1_523' title='bbox 1433 2759 1508 2794; x_wconf 90' lang='lat' dir='ltr'>tem,</span> <span class='ocrx_word' id='word_1_524' title='bbox 1531 2755 1586 2787; x_wconf 87' lang='lat' dir='ltr'><em>ubi</em></span> <span class='ocrx_word' id='word_1_525' title='bbox 1609 2755 1680 2787; x_wconf 81' lang='lat' dir='ltr'>fieri</span> <span class='ocrx_word' id='word_1_526' title='bbox 1706 2756 1822 2796; x_wconf 75' lang='lat' dir='ltr'>potuit,</span> <span class='ocrx_word' id='word_1_527' title='bbox 1846 2756 2012 2787; x_wconf 90' lang='lat' dir='ltr'>emendavi</span> <span class='ocrx_word' id='word_1_528' title='bbox 2032 2766 2071 2787; x_wconf 87' lang='lat' dir='ltr'><em>ex</em></span> <span class='ocrx_word' id='word_1_529' title='bbox 2089 2756 2353 2797; x_wconf 76' lang='lat' dir='ltr'>hippiatrieornm</span> <span class='ocrx_word' id='word_1_530' title='bbox 2367 2757 2477 2788; x_wconf 84' lang='lat' dir='ltr'>codice</span> 
     </span>
     <span class='ocr_line' id='line_1_82' title="bbox 1433 2810 2464 2852; baseline 0.002 -12"><span class='ocrx_word' id='word_1_531' title='bbox 1433 2810 1528 2849; x_wconf 69' lang='lat' dir='ltr'>longe</span> <span class='ocrx_word' id='word_1_532' title='bbox 1560 2810 1678 2851; x_wconf 83' lang='lat' dir='ltr'>optimo</span> <span class='ocrx_word' id='word_1_533' title='bbox 1711 2810 1912 2841; x_wconf 79' lang='lat' dir='ltr'>Berolinensi</span> <span class='ocrx_word' id='word_1_534' title='bbox 1935 2810 1999 2850; x_wconf 85' lang='grc' dir='ltr'><em>(Β),</em></span> <span class='ocrx_word' id='word_1_535' title='bbox 2030 2810 2186 2852; x_wconf 69' lang='lat' dir='ltr'>phillipps</span> <span class='ocrx_word' id='word_1_536' title='bbox 2213 2811 2294 2842; x_wconf 77' lang='lat'>1538</span> <span class='ocrx_word' id='word_1_537' title='bbox 2327 2821 2410 2844; x_wconf 82' lang='lat' dir='ltr'>saec.</span> <span class='ocrx_word' id='word_1_538' title='bbox 2438 2812 2464 2842; x_wconf 83' lang='grc' dir='ltr'><strong>Χ</strong></span> 
     </span>
     <span class='ocr_line' id='line_1_83' title="bbox 1436 2864 2476 2905; baseline 0 -11"><span class='ocrx_word' id='word_1_539' title='bbox 1436 2864 1611 2895; x_wconf 79' lang='lat' dir='ltr'>nolendum</span> <span class='ocrx_word' id='word_1_540' title='bbox 1660 2874 1754 2903; x_wconf 87' lang='lat' dir='ltr'>saue,</span> <span class='ocrx_word' id='word_1_541' title='bbox 1803 2865 1884 2905; x_wconf 88' lang='lat' dir='ltr'>quod</span> <span class='ocrx_word' id='word_1_542' title='bbox 1932 2865 1989 2896; x_wconf 84' lang='lat' dir='ltr'>ille</span> <span class='ocrx_word' id='word_1_543' title='bbox 2035 2866 2193 2896; x_wconf 82' lang='lat' dir='ltr'>interdum</span> <span class='ocrx_word' id='word_1_544' title='bbox 2239 2876 2366 2896; x_wconf 79' lang='lat' dir='ltr'>mancus</span> <span class='ocrx_word' id='word_1_545' title='bbox 2412 2871 2476 2896; x_wconf 80' lang='lat' dir='ltr'>est:</span> 
     </span>
     <span class='ocr_line' id='line_1_84' title="bbox 1434 2916 2475 2959; baseline 0.001 -11"><span class='ocrx_word' id='word_1_546' title='bbox 1434 2918 1549 2949; x_wconf 82' lang='lat' dir='ltr'>desunt</span> <span class='ocrx_word' id='word_1_547' title='bbox 1571 2919 1630 2949; x_wconf 88' lang='lat' dir='ltr'><em>hoc</em></span> <span class='ocrx_word' id='word_1_548' title='bbox 1655 2919 1725 2948; x_wconf 85' lang='lat' dir='ltr'>loco</span> <span class='ocrx_word' id='word_1_549' title='bbox 1751 2916 1777 2949; x_wconf 91' lang='lat' dir='ltr'><strong>G</strong></span> <span class='ocrx_word' id='word_1_550' title='bbox 1796 2928 1823 2959; x_wconf 88' lang='lat' dir='ltr'><em>p.</em></span> <span class='ocrx_word' id='word_1_551' title='bbox 1839 2918 1878 2949; x_wconf 84' lang='lat'><em>55</em></span> <span class='ocrx_word' id='word_1_552' title='bbox 1895 2918 2051 2950; x_wconf 80' lang='lat' dir='ltr'><em>l.·1—33:</em></span> <span class='ocrx_word' id='word_1_553' title='bbox 2078 2929 2137 2950; x_wconf 89' lang='lat' dir='ltr'><em>non</em></span> <span class='ocrx_word' id='word_1_554' title='bbox 2163 2923 2288 2951; x_wconf 79' lang='lat' dir='ltr'>restant</span> <span class='ocrx_word' id='word_1_555' title='bbox 2312 2929 2388 2958; x_wconf 77' lang='lat' dir='ltr'>ergo</span> <span class='ocrx_word' id='word_1_556' title='bbox 2414 2919 2475 2949; x_wconf 82' lang='lat' dir='ltr'>nisi</span> 
     </span>
     <span class='ocr_line' id='line_1_85' title="bbox 1434 2971 2476 3013; baseline 0 -11"><span class='ocrx_word' id='word_1_557' title='bbox 1434 2972 1539 3002; x_wconf 85' lang='lat' dir='ltr'>decem</span> <span class='ocrx_word' id='word_1_558' title='bbox 1575 2977 1737 3003; x_wconf 79' lang='lat' dir='ltr'>extremae</span> <span class='ocrx_word' id='word_1_559' title='bbox 1775 2972 1879 3002; x_wconf 72' lang='lat' dir='ltr'>lineae</span> <span class='ocrx_word' id='word_1_560' title='bbox 1916 2974 2031 3013; x_wconf 81' lang='lat' dir='ltr'>capitis</span> <span class='ocrx_word' id='word_1_561' title='bbox 2066 2973 2262 3004; x_wconf 78' lang='lat' dir='ltr'>Anatoliani.</span> <span class='ocrx_word' id='word_1_562' title='bbox 2310 2971 2476 3003; x_wconf 76' lang='lat' dir='ltr'>Parisinus</span> 
     </span>
     <span class='ocr_line' id='line_1_86' title="bbox 1434 3025 2475 3067; baseline -0.001 -10"><span class='ocrx_word' id='word_1_563' title='bbox 1434 3030 1540 3057; x_wconf 84' lang='lat' dir='ltr'>autem</span> <span class='ocrx_word' id='word_1_564' title='bbox 1549 3025 1644 3065; x_wconf 81' lang='lat'>2245,</span> <span class='ocrx_word' id='word_1_565' title='bbox 1653 3026 1736 3059; x_wconf 75' lang='lat' dir='ltr'>liber</span> <span class='ocrx_word' id='word_1_566' title='bbox 1749 3027 1890 3058; x_wconf 79' lang='lat' dir='ltr'>recentis</span> <span class='ocrx_word' id='word_1_567' title='bbox 1904 3027 2031 3064; x_wconf 81' lang='lat' dir='ltr'>aetatis,</span> <span class='ocrx_word' id='word_1_568' title='bbox 2040 3036 2129 3067; x_wconf 83' lang='lat' dir='ltr'>quem</span> <span class='ocrx_word' id='word_1_569' title='bbox 2144 3027 2175 3058; x_wconf 85' lang='lat' dir='ltr'><em>in</em></span> <span class='ocrx_word' id='word_1_570' title='bbox 2190 3026 2335 3057; x_wconf 76' lang='lat' dir='ltr'><em>omnibu·</em></span> <span class='ocrx_word' id='word_1_571' title='bbox 2351 3026 2475 3057; x_wconf 82' lang='lat' dir='ltr'>lacunis</span> 
     </span>
     <span class='ocr_line' id='line_1_87' title="bbox 1434 3079 2242 3120; baseline 0 -10"><span class='ocrx_word' id='word_1_572' title='bbox 1434 3080 1556 3111; x_wconf 80' lang='lat' dir='ltr'>codicis</span> <span class='ocrx_word' id='word_1_573' title='bbox 1581 3079 1602 3110; x_wconf 90' lang='grc' dir='ltr'><strong>Β</strong></span> <span class='ocrx_word' id='word_1_574' title='bbox 1625 3081 1701 3118; x_wconf 81' lang='lat' dir='ltr'>adii,</span> <span class='ocrx_word' id='word_1_575' title='bbox 1726 3081 1777 3111; x_wconf 82' lang='lat' dir='ltr'><em>hie</em></span> <span class='ocrx_word' id='word_1_576' title='bbox 1801 3090 1870 3110; x_wconf 88' lang='lat' dir='ltr'><em>cum</em></span> <span class='ocrx_word' id='word_1_577' title='bbox 1896 3080 2046 3120; x_wconf 73' lang='lat' dir='ltr'>Grynaeo</span> <span class='ocrx_word' id='word_1_578' title='bbox 2071 3081 2242 3113; x_wconf 76' lang='lat' dir='ltr'>consentit.</span> 
     </span>
    </p>
   </div>
  </div>
 </body>
</html>
