2782 3269
1249 110 1521 149 -18-

308 221 586 260 necessitudine
626 220 849 271 scriptorum
890 220 1023 257 erravit
1062 220 1337 270 verborumque
1376 220 1598 258 traditorum
1629 219 1741 256 nimis
1772 224 1879 256 tenax
1910 218 1992 256 fuit.
2051 218 2204 268 Saepius
2243 223 2366 255 autem
2406 217 2462 255 vel

309 294 389 331 aliis
418 294 519 337 locis,
558 294 622 330 ubi
662 294 791 342 pedem
832 292 1000 335 offendit,
1040 297 1103 327 aut
1132 292 1367 329 difficultates
1398 292 1647 340 praetermisit
1675 296 1739 328 aut
1769 292 1800 327 vi
1832 290 1993 328 salebras
2024 290 2191 334 removit,
2228 301 2313 327 cum
2350 289 2461 327 verba

309 365 446 401 codicis
478 365 631 400 molesta
664 364 807 399 uncinis
837 362 981 409 saepire
1013 361 1144 414 iniuria
1176 363 1262 399 satis
1301 362 1439 405 habuit,
1477 365 1521 399 ct'.
1551 373 1663 410 supra
1694 374 1728 410 p.
1755 362 1813 398 11.
1871 361 1957 399 Mihi
1986 360 2041 398 via
2072 360 2189 398 media
2220 359 2460 409 ingredienda

308 446 390 471 esse
422 434 581 470 videtur:
614 444 736 481 neque
768 432 855 468 mihi
886 431 1051 474 dubium.
1085 436 1194 468 testes
1225 436 1367 468 ceteros
1396 432 1425 468 si
1456 431 1615 476 audiam,
1645 431 1733 480 quin
1765 431 1878 468 Varro
1907 442 1991 468 cum
2022 429 2106 468 alibi
2135 434 2214 467 tum
2245 428 2364 478 capite
2385 428 2416 466 ΙΙ
2437 429 2460 465 7

309 505 398 541 satis
428 504 666 552 neglegenter
695 501 811 550 egerit
839 507 875 539 et
904 502 1133 550 exploratum
1165 514 1246 550 esse
1285 507 1375 551 puto
1414 501 1522 538 verba
1552 501 1726 538 Varronis
1763 501 1800 538 in
1841 501 2056 539 universum
2096 500 2201 550 peius
2231 499 2350 538 habita
2381 510 2462 538 esse

309 586 420 622 quam
454 574 591 609 Keilius
622 573 676 608 vir
705 584 876 609 summus
907 573 1105 608 concessit.
1165 572 1209 608 Et
1239 573 1386 609 offendo
1418 572 1549 620 pedem
1580 572 1649 608 iam
1682 572 1718 608 in
1750 571 1878 619 primis
1910 572 2030 608 verbis
2062 571 2196 619 ‘qualis
2235 570 2386 609 futurus
2415 570 2463 607 sit

310 656 427 693 equus
458 656 477 680 e
508 643 608 692 pullo
640 641 802 691 t‘epulio'
832 641 1026 690 traditum)
1057 642 1256 679 coniectari
1299 646 1439 691 potest,
1483 642 1511 679 si
1552 647 1663 690 caput
1702 640 1811 680 habet
1849 652 1923 678 non
1965 652 2139 689 magnum
2178 651 2248 678 nec
2287 639 2462 678 membris

310 715 475 752 confusis
504 715 532 751 si
564 719 637 756 est,
676 713 793 750 oculis
826 713 958 760 nigris*
989 725 1019 749 e.
1042 724 1076 761 q.
1098 725 1125 749 s.
1185 712 1314 761 Neque
1355 712 1468 750 voluit
1513 724 1633 761 neque
1677 712 1799 760 potuit
1837 712 1958 749 dicere
2001 717 2172 749 naturam
2217 711 2331 748 futuri
2377 710 2463 759 equi

308 785 482 833 cognosci
523 796 631 833 posse
671 796 712 820 ex
754 783 869 832 pullo,
910 785 940 820 si
981 783 1103 831 pullus
1133 790 1243 832 caput
1274 777 1449 831 magnum
1479 783 1546 820 alia
1580 783 1747 821 haberet:
1792 782 1892 832 quod
1924 789 1980 820 est
2009 782 2303 831 ineptissimum:
2347 781 2463 820 immo

309 855 450 893 bonum
496 867 536 892 ac
580 866 654 891 non
695 854 901 902 quemlibet
932 855 1043 891 Varro
1083 854 1339 903 descripturus
1383 860 1438 891 est
1482 865 1632 903 equum.
1699 853 1826 902 Itaque
1870 853 1960 890 mihi
2002 859 2143 891 certum
2188 863 2341 890 necesse
2384 863 2464 890 esse

308 926 546 976 suppleamus
578 930 660 975 post
690 923 898 962 ‘coniectari
931 923 1077 974 potest’:
1122 924 1208 962 ‘fiet’
1238 925 1289 961 vel
1320 924 1403 963 ‘erit
1433 923 1553 962 bonus
1582 923 1724 974 equus'‚
1759 935 1853 974 quae
1893 923 2001 961 verba
2046 923 2088 960 iis
2118 934 2212 972 quae
2241 922 2464 960 antecedunt

308 997 439 1045 ‘qualis
469 997 617 1032 futurus
647 995 695 1031 sit
724 995 854 1044 equus'
887 995 1007 1031 verbis
1047 1006 1115 1030 suo
1155 995 1234 1031 loco
1275 1001 1374 1031 mota
1407 1007 1488 1031 esse
1516 1001 1617 1043 puto.
1677 996 1727 1031 lta
1758 995 1978 1039 Columella,
2018 999 2214 1043 postquam
2255 994 2300 1030 de
2337 994 2464 1030 ‘docu-

311 1067 446 1102 mentis
479 1066 627 1101 bonesti
658 1065 783 1101 animi'
813 1066 914 1108 dixit,
944 1066 1083 1113 pergit:
1115 1066 1292 1113 ‘corporis
1314 1077 1399 1101 vcro
1429 1066 1547 1101 forma
1578 1065 1761 1102 constabit
1780 1065 1911 1113 exiguo
1932 1064 2061 1113 capite’
2082 1077 2113 1101 e.
2133 1077 2168 1112 q.
2185 1076 2212 1100 s.
2255 1063 2462 1112 Geoponica

309 1143 452 1173 autem:
486 1134 586 1172 6Τὸν
615 1133 662 1173 δὲ
694 1133 835 1173 πῶλον
864 1133 936 1173 τὸν
964 1130 1163 1185 ἐσόμενον
1184 1131 1350 1182 ἀγαθὸν
1371 1132 1699 1185 διαγνωσόμεθα
1720 1165 1727 1172 .
1750 1165 1756 1172 .
1782 1164 1788 1171 .
1812 1132 1903 1174 οἷον
1931 1130 2017 1173 ἀπὸ
2046 1132 2122 1184 μὲν
2149 1133 2220 1173 τοῦ
2249 1131 2463 1184 σώματος’,

310 1206 424 1243 codex
455 1205 497 1242 C:
540 1201 691 1243 Ἵππον
721 1202 860 1255 φαμὲν
890 1202 1058 1252 ἀγαθόν
1088 1204 1272 1256 κεφαλὴν
1300 1204 1451 1255 μικρὰν
1491 1204 1635 1253 ἔχοντα
1673 1204 1755 1242 κτλ.
1814 1206 1938 1255 Neque
1978 1206 2100 1242 minus
2138 1205 2367 1253 exploratum
2408 1210 2465 1240 est

308 1276 508 1313 clausulam
538 1276 802 1324 descriptionis
827 1276 1074 1313 Varronianae
1096 1282 1306 1324 corruptam
1331 1288 1430 1312 esse:
1463 1276 1569 1312 ‘Toto
1590 1287 1744 1325 corpore
1766 1281 1806 1313 ut
1829 1275 1961 1313 habeat
1983 1287 2093 1313 venas
2113 1287 2205 1324 quae
2225 1274 2466 1312 animadverti

310 1346 452 1395 possint
472 1346 667 1393 (traditum
689 1346 902 1394 ‘possunt’),
924 1346 1023 1395 quod
1048 1345 1160 1395 (qui)
1187 1346 1443 1383 huiuscemodi
1464 1346 1513 1382 sit
1531 1346 1602 1393 [et]‚
1631 1358 1715 1383 cum
1737 1352 1792 1383 est
1812 1357 1930 1394 aeger,
1961 1346 2005 1382 ad
2030 1345 2252 1383 medendum
2272 1344 2465 1394 adpositus

311 1417 478 1466 [corpore
510 1416 663 1463 multos.
706 1416 823 1460 Vides,
855 1428 965 1465 quam
999 1416 1112 1454 multa
1135 1416 1271 1453 Keilius
1301 1415 1380 1453 aliis
1400 1416 1666 1465 praeeuntibus
1687 1416 1893 1459 mutaverit,
1925 1421 1965 1453 ut
1985 1415 2094 1453 verba
2114 1415 2279 1464 intellegi
2300 1420 2465 1464 possent.

309 1489 354 1524 At
384 1499 450 1534 ego
482 1493 572 1535 puto
603 1492 773 1536 ‘corpore
805 1487 934 1524 multo'
964 1498 1038 1524 non
1069 1488 1227 1534 glossam
1260 1499 1341 1524 esse
1370 1487 1434 1523 sed
1465 1499 1583 1524 unum
1613 1499 1809 1535 superesse
1836 1499 1877 1523 ex
1905 1487 1961 1531 iis,
1991 1499 2084 1535 quae
2105 1487 2217 1524 Varro
2245 1487 2290 1523 de
2320 1486 2465 1534 magni-

308 1558 438 1594 tudine
471 1557 586 1594 totius
620 1557 746 1605 equini
783 1557 947 1606 corporis
982 1562 1123 1604 egerat;
1160 1556 1206 1593 cf.
1234 1556 1270 1593 in
1297 1556 1369 1594 tab.
1387 1556 1461 1594 Col.
1481 1556 1531 1593 27
1552 1556 1709 1601 etC27‚
1742 1556 1803 1594 ubi
1824 1557 1933 1594 etiam
1955 1556 2121 1602 dewenis
2140 1568 2263 1595 sermo
2283 1562 2351 1594 est.
2391 1555 2463 1594 Sed

310 1639 410 1665 nunc
439 1639 509 1665 nos
539 1633 804 1665 convertamus
832 1628 876 1665 ad
907 1627 1071 1676 singulas
1104 1633 1229 1671 notas,
1262 1638 1353 1676 quas
1388 1627 1425 1664 in
1454 1627 1575 1665 tabula
1607 1632 1842 1665 enumeratas
1872 1627 1967 1677 apud
1990 1627 2192 1665 Varronem
2220 1633 2284 1664 aut
2311 1625 2465 1675 legimus

312 1704 374 1735 aut
403 1697 629 1736 testimoniis
659 1704 866 1735 ceterorum
898 1698 1076 1747 respectis
1106 1697 1375 1735 desideramus.

492 1770 535 1806 Et
557 1774 597 1805 ut
618 1769 662 1805 de
684 1769 756 1806 tab.
774 1768 815 1811 2;
836 1769 877 1814 6;
900 1769 921 1805 7
935 1769 974 1816 ¹),
997 1781 1088 1817 quae
1109 1781 1184 1806 non
1207 1769 1430 1818 praebentur
1452 1768 1522 1806 nisi
1544 1781 1561 1806 a
1579 1769 1617 1813 C,
1638 1780 1738 1807 nunc
1759 1774 1897 1807 taceam
1920 1769 1980 1815 (cf.
1999 1769 2092 1807 inl'ra
2110 1781 2145 1818 p.
2160 1768 2239 1817 22),
2260 1767 2303 1813 8;
2327 1768 2394 1814 14;
2414 1766 2466 1806 24

314 1850 390 1876 non
420 1839 501 1877 sine
533 1850 663 1888 magna
696 1839 886 1889 scriptoris
917 1839 1056 1876 incuria
1087 1839 1208 1876 omitti
1239 1844 1456 1888 potuerunt,
1484 1838 1580 1876 sicut
1600 1850 1708 1888 aegre
1737 1838 1904 1883 ferimus,
1935 1839 2032 1889 quod
2054 1850 2146 1888 quae
2167 1838 2226 1876 alii
2247 1837 2310 1884 22,
2331 1837 2394 1883 25,
2415 1837 2466 1875 26

313 1911 357 1947 de
390 1910 536 1958 ungulis
567 1910 789 1947 accuratiora
820 1910 967 1951 docent,
1002 1922 1020 1946 a
1051 1910 1217 1954 Reatino,
1257 1910 1319 1958 qui
1350 1909 1400 1945 22
1430 1910 1562 1946 ‘clunis
1593 1909 1753 1957 ungulis'
1783 1915 1984 1947 contentus
2013 1910 2071 1954 sit,
2102 1910 2180 1946 fere
2210 1910 2466 1957 negleguntur.

314 1981 549 2017 Alienissimo
571 1981 651 2017 loco
681 1980 728 2016 lb
749 1980 911 2027 positum
935 1986 1001 2023 est,
1022 1980 1106 2028 quia
1130 1981 1300 2016 ordinem
1322 1980 1554 2026 singulorum
1578 1980 1834 2017 membrorum
1856 1992 1873 2016 a
1896 1981 2014 2028 capite
2034 1980 2247 2017 incohatum
2270 1979 2465 2024 disturbat,

315 2050 413 2087 idem
446 2050 643 2087 dicendum
676 2056 732 2086 est
762 2050 806 2086 de
839 2050 900 2093 17,
930 2050 1027 2099 quod
1058 2050 1094 2086 in
1126 2050 1238 2098 Geop.
1269 2055 1305 2087 et
1334 2049 1358 2086 C
1388 2056 1488 2087 recte
1518 2050 1737 2087 collocatum
1770 2055 1881 2087 extat.
1942 2049 2069 2099 Neque
2098 2050 2247 2094 extrico,
2277 2049 2466 2099 quomodo

318 2121 364 2156 10
396 2125 540 2168 ‘pectus
570 2120 683 2156 latum
716 2126 752 2157 et
782 2120 945 2168 plenum'
976 2120 1204 2156 accusativus
1234 2120 1399 2157 excusari
1430 2120 1556 2168 possit,
1587 2131 1672 2157 cum
1703 2120 1858 2157 ablativo
1889 2120 1938 2157 sit
1966 2131 2073 2169 opuS.

496 2190 591 2228 Num
625 2189 679 2226 lb
712 2187 949 2228 delebimus?
1005 2190 1188 2227 Nimirum
1229 2189 1298 2227 ruit
1337 2190 1439 2227 valde
1479 2190 1702 2239 neglegentis
1742 2190 1786 2228 de
1820 2190 1998 2228 membris
2029 2190 2113 2240 equi
2143 2189 2323 2228 universis
2352 2189 2467 2240 loqui,

312 2261 487 2311 quoniam
520 2261 564 2298 de
593 2261 748 2310 singulis
779 2260 888 2299 verba
920 2261 1041 2299 facere
1071 2260 1200 2309 coepit.
1262 2260 1353 2297 Silet
1375 2259 1521 2303 Keilius,
1552 2272 1776 2310 quamquam
1804 2261 1976 2311 equidem
1999 2272 2045 2298 ne
2068 2266 2293 2299 structuram
2315 2261 2464 2312 quidem

314 2343 425 2381 quam
459 2332 536 2369 vult
568 2331 768 2369 verborum
798 2332 1011 2381 intellegere
1041 2342 1214 2380 possum:
1264 2331 1394 2379 ‘qualis
1434 2331 1580 2368 futurus
1617 2331 1665 2367 sit
1702 2343 1819 2381 equus
1849 2344 1868 2368 e
1898 2332 1997 2381 pullo
2027 2331 2225 2369 coniectari
2256 2337 2397 2381 potest,
2436 2331 2468 2368 si

314 2409 427 2451 caput
457 2403 568 2439 habet
597 2414 673 2439 non
705 2414 879 2451 magnum
911 2414 981 2439 nec
1012 2402 1189 2438 membris
1220 2401 1383 2438 confusis
1414 2402 1444 2438 si
1475 2407 1546 2446 est,
1586 2402 1700 2439 oculis
1731 2402 1858 2450 nigris'
1889 2406 2083 2447 (secuntur
2112 2402 2290 2440 tredecim
2321 2402 2466 2440 ablativi

315 2473 481 2509 eiusdem
512 2472 690 2516 farinae):
733 2473 909 2521 quoniam
940 2473 994 2509 vir
1023 2472 1260 2510 doctissimus
1290 2476 1374 2520 post
1403 2471 1483 2509 ‘est’
1511 2471 1689 2519 virgulam
1720 2473 1862 2522 posuit,
1902 2484 2032 2511 omnes
2070 2472 2244 2511 ablativos
2284 2472 2390 2521 plane
2428 2472 2466 2511 in

314 2545 397 2579 aere
433 2543 594 2591 pendere
631 2543 751 2585 vides,
798 2555 882 2581 cum
927 2548 1033 2581 antea
1078 2542 1141 2580 ‘si’
1186 2542 1265 2579 sine
1309 2541 1381 2579 ulla
1426 2541 1648 2580 necessitate
1689 2541 1845 2591 repetita
1889 2547 1956 2580 est.
2012 2541 2077 2580 Vix
2116 2553 2210 2592 opus
2249 2547 2304 2580 est
2347 2541 2468 2580 dicere

314 2613 655 2661 interpungendum
678 2625 777 2650 esse:
809 2614 850 2649 ‘si
872 2618 982 2663 caput
1004 2613 1114 2650 babet
1136 2624 1212 2649 non
1235 2624 1411 2660 magnum
1437 2624 1504 2649 nec
1525 2612 1704 2649 membris
1724 2614 1900 2657 confusis,
1922 2613 1951 2650 si
1972 2619 2030 2650 est
2050 2613 2166 2650 oculis
2187 2613 2314 2661 nigris’
2334 2625 2364 2650 e.
2383 2625 2416 2661 q.
2435 2625 2466 2649 s.

314 2685 359 2718 At
389 2684 488 2719 enini
521 2684 604 2731 quis
637 2695 799 2732 unquam
833 2684 999 2720 membra
1031 2683 1160 2732 capitis
1190 2696 1231 2720 ac
1260 2694 1334 2720 non
1365 2688 1488 2731 partes
1518 2681 1637 2720 vidit?
1678 2683 1833 2721 Ursinus
1863 2695 1949 2732 ergo
1978 2684 2175 2733 proposuit
2197 2688 2277 2722 ‘nec
2300 2682 2467 2722 membra

314 2753 479 2791 confusa'
519 2754 649 2791 ordine
690 2754 943 2792 membrorum
983 2754 1031 2791 ita
1063 2765 1150 2791 sane
1181 2765 1254 2791 non
1285 2753 1482 2797 restituto,
1525 2752 1556 2790 J.
1579 2753 1619 2790 G.
1644 2752 1848 2792 Schneider
1876 2754 2051 2803 relegavit
2078 2753 2189 2792 verba
2219 2753 2399 2792 violenter
2428 2752 2467 2791 in

314 2824 538 2861 antecedens
579 2825 829 2862 enuntiatum.
888 2825 962 2872 Ego
1007 2824 1056 2860 nil
1101 2829 1226 2868 muto,
1272 2824 1410 2861 etenim
1454 2824 1533 2871 lege
1575 2824 1701 2867 sodes,
1747 2836 1841 2873 qnae
1871 2825 1897 2862 C
1937 2826 1982 2862 de
2012 2825 2150 2872 equino
2179 2824 2298 2873 capite
2336 2823 2467 2861 habetz

314 2893 511 2944 *κεφαλὴν
554 2892 677 2942 ἐχέτω
721 2893 873 2945 μικρὰν
914 2896 983 2931 καὶ
1028 2890 1372 2945 διηρθρωμένην’.
1448 2893 1612 2930 Audisne
1661 2905 1762 2931 nunc
1807 2895 2006 2933 Varronem
2052 2895 2216 2932 voculam
2261 2899 2466 2931 extremam

314 2964 492 3001 Graecam
527 2964 764 3002 vertentem?
822 2966 918 3002 Satis
947 2966 1097 3008 stolide,
1137 2966 1318 3008 conced0,
1357 2970 1520 3001 attamen
1551 2966 1843 3010 accuratissime,
1881 2967 1950 3004 nisi
1980 2966 2079 3014 quod
2109 2966 2287 3014 particula
2318 2965 2468 3013 neganti

314 3035 434 3071 utitur
463 3039 521 3080 (ut
553 3036 590 3073 1:
622 3037 664 3078 43
695 3035 774 3081 21).
834 3036 958 3084 Neque
990 3047 1127 3083 anceps
1157 3036 1304 3075 haereo,
1340 3042 1464 3071 utrum
1496 3035 1666 3083 scriptori
1697 3047 1741 3072 an
1774 3037 1891 3074 codici
1920 3036 2181 3085 imputandum
2212 3036 2273 3079 sit,
2313 3034 2412 3083 quod
2443 3033 2466 3072 8

496 3186 520 3228 ¹)
544 3185 688 3225 Numeri,
712 3196 789 3226 quos
813 3186 865 3217 hic
890 3191 922 3217 et
945 3186 1185 3227 insequentibus
1210 3185 1335 3226 paginis
1359 3185 1468 3224 affero,
1495 3195 1553 3216 uon
1579 3186 1740 3227 pertinent
1767 3187 1831 3218 nisi
1853 3186 1892 3217 ad
1918 3185 2057 3218 tabulam
2080 3185 2288 3226 proposit-m.
