2782 3269
248 1096 286 1126 10

250 1449 287 1479 15

249 1798 290 1829 20

179 2147 287 2180 425

1193 40 1540 97 ἐει-

333 154 493 206 scriptor
511 154 662 203 ignotus
683 154 713 192 G
729 154 819 198 261,
846 155 952 192 cuius
973 153 1079 191 verba
1109 159 1146 191 et
1174 154 1253 203 ipsa
1281 154 1401 192 adhuc
1420 157 1495 192 sere
1516 155 1620 203 plane
1642 155 1801 203 neglecta
1823 156 2034 204 appendicis
2054 158 2134 195 loco
2156 163 2340 208 apponere
2361 159 2472 203 iuvat,

335 232 375 263 ut
394 237 478 262 cum
495 224 680 261 Timothei
701 224 817 273 eapite
836 235 1049 273 comparare
1069 223 1200 273 possis.
1231 224 1330 261 Scito
1351 229 1475 261 autem
1497 236 1568 266 me.
1592 225 1652 261 ubi
1675 226 1763 262 nihil
1784 226 1966 267 adnotavi,
1985 227 2283 275 {impiati-iconum
2306 231 2468 267 codicem

333 294 644 342 B(erolinensem‚
672 294 717 331 cs.
743 305 856 343 supra
887 293 958 342 p.5
980 304 1065 331 ann.
1085 293 1123 341 1)
1151 292 1187 331 in
1216 297 1321 331 textu
1351 294 1614 332 constituendo
1642 301 1811 333 secutum
1843 307 1935 333 esse.
1977 296 2178 345 Suppletur
2205 304 2328 336 autem
2349 299 2376 336 B
2406 311 2472 348 per

333 363 643 411 L(ondinen8em,
673 363 755 402 vide
783 374 893 413 supra
921 374 958 412 p.
979 362 1059 412 25),
1088 362 1151 401 fol.
1171 362 1252 401 261>
1268 375 1362 414 sqq„
1391 363 1495 401 cuius
1525 364 1772 402 additamenta
1801 366 1857 403 bis
1888 366 1991 403 uncis
2025 364 2041 414 <
2106 364 2123 417 >
2157 368 2381 415 significabo.

516 460 535 496 1
568 456 609 497 οἱ
631 455 802 510 Πάρθοι
830 455 1002 509 μεγάλοι
1032 456 1101 495 καὶ
1129 453 1371 508 εὐμεγέθεις
1391 457 1632 508 θυμοειδεῖς
1660 473 1703 496 τε
1731 459 1800 496 καὶ
1831 455 2008 508 εὐγενεῖς
2037 461 2093 513 τῷ
2112 460 2232 508 εἴδει,
2263 469 2351 508 τοῖς
2370 464 2472 502 ποσὶ

333 527 505 581 χρηστοὶ
533 526 826 581 διαφερόντως.

514 600 538 638 2
567 597 609 639 οἷ
641 591 785 651 Μῆδοι
814 599 870 650 τῷ
898 600 1070 650 μεγέθει
1100 597 1438 650 ὑπερβάλλοντες.

511 669 535 708 3
572 666 784 721 Ἀρμένιοι
827 667 873 708 δὲ
902 668 971 707 καὶ
1006 668 1287 716 Καππάδοκες
1315 669 1361 708 τὸ
1393 669 1616 720 Παρθικὸν
1642 672 1760 719 γένος
1794 670 1974 720 ἔχουσιν,
2020 672 2102 710 εἶσὶ
2145 672 2190 711 δὲ
2234 675 2471 726 βαρυκέφα-

337 739 402 779 λοι
428 739 596 790 μᾶλλον.

511 811 535 847 4
565 808 767 848 Ἱσπάνιοι
797 802 843 847 δὲ
870 807 1025 860 μεγάλῃ
1054 811 1102 864 τῇ
1132 810 1212 854 ἕξει
1241 811 1314 849 τοῦ
1339 810 1529 860 σώματος
1549 810 1770 861 εὔρυθμοι,
1801 810 1965 860 ὅρθιοι,
1996 809 2234 863 εὗκέφαλοι,
2261 815 2331 867 (τῇ
2358 812 2472 863 ῥάχει

332 878 520 930 διπλοῖ>,
551 878 725 926 ἔντονοι,
747 877 820 919 οὐκ
840 876 1050 928 efflamus„
1082 879 1242 929 ἰσχυροὶ
1263 879 1304 918 ἓν
1325 886 1414 925 ταῖς
1435 878 1702 931 ὁδοιπορίαις
1722 880 1791 919 καὶ
1812 881 1867 932 μὴ
1890 880 2196 933 ι’σχναινόμενοι
2218 885 2273 935 τῷ
2294 881 2471 934 σώματι,

335 946 691 1002 (ἀνδρειότατοι),
735 946 912 1001 ἄδρομοι
947 948 994 988 δὲ
1027 949 1096 988 καὶ
1126 947 1312 1000 ἄκεντροι
1348 950 1391 989 ἓν
1422 952 1470 1006 τῇ
1504 949 1706 1001 ἷππασίᾳ.
1764 952 1871 990 εἰσιν
1900 951 1946 990 δὲ
1975 953 2044 990 καὶ
2076 951 2244 1005 εὐήθεις
2283 951 2369 992 ἀπὸ
2404 955 2473 1004 τῆς

349 1018 544 1069 γενέσεως
571 1018 666 1071 ἄχρι
692 1021 763 1058 τοῦ
792 1021 1087 1071 καταρτισμοῦ,
1116 1020 1188 1058 τὸν
1213 1020 1367 1059 λοιπὸν
1395 1021 1442 1059 δὲ
1474 1021 1620 1071 χρόνον
1649 1023 1825 1073 πονηροὶ
1855 1023 1922 1060 καὶ
1953 1022 2112 1073 δῆκται.
2137 1024 2142 1028 ’

511 1094 534 1130 5
561 1089 794 1130 Ἑλλαδικοὶ
815 1088 862 1130 δὲ
881 1089 1071 1137 εὔποδες,
1101 1087 1357 1142 εὐμεγέθεις,
1388 1087 1625 1142 εὐκέφαλοι,
1656 1091 1803 1142 ὄρθιοι
1831 1092 1902 1144 τὴν
1922 1092 2137 1145 προτομὴν
2155 1094 2225 1132 καὶ
2248 1092 2471 1145 εὗρυθμοι,

331 1160 403 1202 οὗκ
431 1156 628 1211 εὔΐσχιοι,
658 1160 903 1212 θυμοειδεῖς
926 1159 1021 1213 (δὲ)
1040 1160 1110 1200 καὶ
1130 1160 1337 1212 δρομικοί.
1376 1160 1421 1200 ἓν
1449 1159 1523 1214 ὅλῃ
1554 1161 1599 1201 δὲ
1628 1163 1675 1215 τῇ
1701 1161 1866 1202 Ἑλλάδι
1896 1162 2164 1215 διαφέροντες
2193 1163 2233 1204 οἳ
2256 1164 2471 1204 Θετταλοί.

511 1233 535 1271 6
565 1230 606 1271 οἳ
629 1229 927 1283 Ἠπειρωτικοὶ
957 1231 1132 1283 πονηροὶ
1164 1231 1233 1269 καὶ
1263 1231 1422 1283 δῆκται.

511 1305 534 1340 7
565 1303 721 1353 Θρᾷκες
750 1302 796 1341 δὲ
823 1301 988 1352 αἰσχροὶ
1017 1301 1086 1340 καὶ
1115 1301 1338 1348 δυσειδεῖς,
1369 1301 1649 1353 ξυλόσωμοιτ,
1679 1303 1877 1354 κάτωμοι,
1909 1305 2046 1355 κυρτοὶ
2076 1307 2124 1358 τῇ
2153 1303 2269 1355 ῥάχει
2293 1305 2470 1355 <λεπτο-

330 1371 571 1425 τράχηλοι>,
601 1373 787 1423 βλαισοί,
817 1374 1166 1423 κακοπερίπατοι,
1198 1370 1392 1418 ὡσαύτως
1421 1372 1466 1411 δὲ
1496 1373 1564 1411 καὶ
1595 1372 1638 1411 ἕν
1667 1374 1722 1423 τῷ
1751 1372 1902 1424 δρόμῳ.

514 1444 536 1482 8
572 1442 821 1496 Κυρηναϊκοὶ
851 1442 897 1482 δὲ
926 1437 1183 1494 εὖμεγέθεις,
1211 1437 1513 1495 ἆνεσταλμένας
1542 1443 1613 1489 τὰς
1641 1436 1817 1493 λαγόνας
1846 1444 1913 1482 καὶ
1935 1444 2082 1496 μικρὰς
2103 1444 2277 1493 ἔχοντες,
2308 1444 2376 1483 διὸ
2401 1445 2472 1483 καί

333 1514 415 1552 εἶσι
446 1513 655 1564 δρομικοί,
685 1512 876 1560 εὔποδες,
906 1512 1163 1564 μακρότεροι.
1181 1512 1544 1564 τῷγπνεύματιηὲν
1571 1516 1623 1567 τῇ
1650 1513 1849 1562 ἱππασὶᾳ.

511 1584 535 1621 9
556 1581 723 1634 Ἵστριοι
744 1582 790 1622 δὲ
810 1581 999 1630 εὔποδες,
1030 1581 1284 1634 εὐμεγέθεις,
1315 1583 1480 1634 αἰσχροὶ
1501 1585 1556 1636 τῷ
1577 1582 1734 1635 σώματι
1757 1584 1825 1622 καὶ
1846 1585 1901 1638 ’τῇ
1921 1583 2034 1635 ῥάχει
2056 1583 2203 1635 ἄτομοι
2226 1585 2291 1623 καὶ
2316 1585 2468 1632 κοῖλοι,

333 1653 524 1704 δρομικοὶ
553 1653 601 1692 δέ
629 1653 724 1705 <καὶ
755 1651 954 1705 εὔτονοι).

517 1725 563 1761 10
597 1720 656 1761 Τὸ
686 1722 733 1761 δὲ
760 1722 1020 1774 Σαρματικὸν
1048 1725 1164 1770 γένος
1193 1720 1265 1761 οὐκ
1295 1720 1432 1774 ἀηδές,
1463 1721 1549 1761 ἀλλ’
1577 1722 1788 1774 εὔρυθμον
1817 1724 1860 1762 ἐν
1891 1724 1985 1775 ἰδίῳ
2020 1728 2127 1772 γένει
2158 1726 2225 1762 καὶ
2255 1724 2470 1775 δρομικόν,

334 1791 495 1833 ἁπλοῦν
523 1792 584 1840 δέ,
615 1791 858 1845 εὖκέφαλον,
889 1790 1151 1844 εὖτράχηλον,
1182 1790 1413 1844 εὐμέγεθες.

515 1865 559 1902 11
585 1861 817 1914 ’Λργολικοὶ
847 1862 894 1902 δὲ
922 1861 1112 1910 εὔποδες,
1144 1862 1216 1903 οὐκ
1250 1862 1426 1912 εὖΐσχιοι
1457 1862 1519 1910 δέ,
1550 1861 1788 1916 εὐκέφαλοι,
1819 1866 1866 1917 τῇ
1895 1864 2009 1916 ῥάχει
2039 1864 2188 1914 ἄτομοι
2220 1866 2287 1903 καὶ
2319 1865 2470 1912 κοῖλοι,

333 1931 574 1986 εὐμεγέθεις
602 1934 672 1972 καὶ
702 1935 882 1984 βραχεῖς.

512 2005 560 2043 12
596 2003 700 2050 Τοὺς
728 2003 774 2043 δὲ
802 2001 1057 2053 ἀετογεννεῖς
1084 2005 1165 2043 τῶν
1195 2007 1342 2043 ἵππων
1370 2004 1414 2043 ἓν
1443 2011 1530 2049 τοῖς
1558 2003 1686 2055 ὤμοις
1715 2005 1859 2057 καὶτῷ
1880 2003 2043 2053 κόκκυγι
2067 2004 2471 2057 παραλαμβάνουσιν

332 2073 372 2114 οἳ
401 2073 617 2127 Σαρμάται
658 2072 711 2120 ὥς
748 2072 947 2123 ἀγαθούς.
1005 2072 1088 2113 εἶσὶ
1128 2074 1175 2113 δὲ
1211 2075 1279 2113 καὶ
1319 2075 1511 2127 δρομικοὶ
1541 2076 1637 2126 παρ’
1668 2072 1824 2121 αὐτοῖς,
1855 2074 1923 2113 διὸ
1954 2076 2023 2113 καὶ
2052 2077 2228 2127 χρῶνται
2259 2074 2402 2121 αὐτοῖς
2432 2075 2474 2114 ἓν

330 2152 423 2192 ταῖς
450 2145 732 2197 καταδρομαῖς
760 2146 829 2183 καὶ
858 2145 1067 2195 πολέμοις.

509 2257 529 2287 6
553 2252 705 2287 Σπάνιοι
728 2255 753 2285 L
884 2256 901 2284 7
925 2253 1057 2295 ἔντομοι
1161 2255 1198 2286 10
1223 2252 1404 2296 προνομὴν
1427 2255 1451 2286 L
1553 2256 1587 2286 ll
1615 2255 1648 2285 οἱ
1671 2255 1833 2285 Θετταλοὶ
1869 2254 1906 2287 δὲ
1929 2254 2146 2297 διαφέροντες
2168 2255 2235 2287 τῶν
2255 2253 2471 2287 Ἑλλαδικῶν.

331 2302 421 2342 οὗτοι
442 2310 589 2353 μέγεθος
616 2311 681 2352 μέν
703 2310 773 2342 εἰσι
795 2309 861 2341 κτλ.
885 2308 922 2347 L,
945 2306 986 2339 of.
1011 2307 1069 2347 frg.
1087 2307 1156 2340 VIII
1179 2318 1275 2350 supra
1298 2319 1326 2350 p.
1343 2309 1395 2347 27,
1414 2308 1451 2341 12
1631 2309 1668 2341 18
1693 2304 1825 2343 εὔτονες
1849 2309 1873 2340 L
2042 2309 2079 2339 19
2103 2304 2329 2351 Σαυρομάται
2353 2309 2422 2340 κτλ.
2449 2308 2473 2339 1,

331 2365 372 2394 20
394 2362 566 2406 δρομικοί,
589 2362 781 2404 εὖκέφαλοι,
805 2360 1003 2406 εὖτράχηλοι
1025 2358 1184 2405 εὔσαρκοι
1207 2364 1264 2393 καὶ
1286 2361 1348 2402 τὴν
1368 2360 1503 2401 ἡλικίαν
1527 2360 1715 2404 σύμμετροι
1738 2362 1762 2392 L

509 2460 629 2509 Atque
659 2464 700 2496 ut
726 2463 854 2508 poetas
874 2458 1065 2506 attingam,
1096 2457 1159 2506 qui
1183 2457 1361 2494 nonnulla
1381 2469 1563 2506 equorum
1584 2469 1718 2505 genera
1740 2458 2029 2506 descripserunt,
2059 2458 2105 2495 de
2125 2458 2283 2507 ‘Oppia
2296 2457 2377 2501 n0’‚
2408 2458 2470 2505 qui

330 2529 492 2579 primum
523 2536 677 2580 occupat
705 2530 841 2574 locum,
871 2529 942 2566 iam
973 2528 1059 2566 dixi.
1098 2528 1397 2566 Nemesianus
1426 2534 1549 2566 autem
1578 2529 1686 2566 laude
1717 2527 1848 2577 dignus
1879 2534 1946 2573 est,
1976 2528 2151 2577 quoniam
2182 2528 2278 2566 haud
2301 2527 2470 2577 imperite

331 2600 466 2652 Cyneg.
487 2598 698 2640 251-280
729 2600 774 2639 de
804 2599 909 2650 equis
930 2598 1101 2649 Hispanis
1122 2603 1158 2637 et
1178 2598 1375 2638 Maurusiis
1404 2598 1492 2638 fecit
1522 2598 1641 2637 verba.
1682 2600 1727 2636 At
1756 2599 1865 2649 plane
1894 2598 2141 2637 removendus
2171 2604 2227 2637 est
2248 2597 2470 2640 Grattius,

330 2683 350 2710 a
379 2683 452 2722 quo
481 2683 576 2723 quae
605 2672 645 2710 in
673 2676 836 2710 extremo
865 2670 1030 2708 carmine
1049 2670 1182 2720 Cyneg.
1203 2668 1414 2706 497—540
1444 2669 1488 2706 de
1516 2680 1698 2718 equorum
1721 2670 1932 2707 nationibus
1960 2671 2166 2714 traduntur,
2197 2670 2333 2706 nullius
2362 2670 2470 2717 pretii

331 2748 437 2780 sunt:
480 2754 558 2780 non
589 2744 701 2781 modo
729 2743 960 2790 refragantur
988 2741 1120 2779 ceteris
1149 2739 1362 2778 auctoribus
1401 2739 1479 2777 sine
1507 2740 1602 2777 iusta
1632 2752 1756 2783 causa,
1797 2741 1861 2779 sed
1898 2741 2007 2778 etiam
2047 2741 2218 2778 lacunosa
2263 2745 2299 2777 et
2342 2739 2470 2776 mutila

330 2817 437 2858 sunt,
475 2812 778 2863 quandoquidem
809 2812 877 2851 ista
908 2811 1082 2851 carminis
1110 2822 1194 2861 pars
1231 2821 1309 2848 non
1337 2809 1496 2860 perfecta
1527 2814 1585 2848 est
1619 2822 1637 2848 a
1675 2817 1799 2860 poeta,
1842 2811 1906 2849 sed
1937 2810 2067 2861 primis
2098 2810 2204 2860 quasi
2237 2809 2470 2848 lineamentis

330 2882 547 2922 adumbrata
575 2888 685 2922 extat.
