2782 3269
1248 43 1521 82 —16—

34 145 2721 173 m

80 215 257 261 Simon,
287 216 380 254 Mus.
411 217 530 255 Rhen.
670 219 917 268 Xenophon
947 221 993 258 de
1022 233 1062 257 re

189 280 254 326 51,
275 280 325 318 57
344 292 425 331 sqq,
739 283 901 333 equestri
931 283 946 321 Ι
970 285 986 321 1
1154 254 1285 290 Varro
1308 254 1338 290 ll
1357 254 1391 295 7.
1405 255 1427 290 5
1445 255 1503 291 ed.
1517 255 1654 292 Keilius

1691 254 1939 292 Columella
1956 252 2189 297 V129,2-3
2246 252 2502 302 Geopouica
2527 251 2608 288 XV!
2631 253 2663 295 1,
2685 250 2710 288 9

2229 424 2329 464 σκέλη
2353 420 2444 466 ὀρθά

36 418 77 448 20
100 417 208 450 δασέα
232 418 272 451 τὰ
295 418 390 463 παρὰ
415 419 474 456 τὰς
498 419 574 459 xiv}-
611 421 750 462 κνημῶν
766 417 853 452 ὀστᾶ
870 422 997 462 παχέα,
1014 421 1114 459 σκέλη
1150 421 1298 452 cruribus
1332 422 1434 453 rectis
1467 423 1654 463 aequalibus
1689 423 1874 463 aequalibus
1887 428 1983 465 atque
1995 425 2192 457 altisrectis-

98 483 169 513 μας
191 471 344 517 νευρώδη
369 472 503 517 ἄσαρκα
654 471 744 515 ὑγρά
1195 475 1282 505 intro
1307 484 1422 506 versus
1447 476 1550 517 potius
1576 477 1654 515 figu-
1733 485 1792 517 que
1816 477 1965 508 cruribus

1194 530 1277 560 ratis
1300 529 1449 569 (figurata
1474 530 1558 570 cod.)

34 687 71 718 21
99 685 177 729 ἄχρι
225 688 284 720 τοῦ
324 684 486 731 γόνατος,
532 686 572 721 τὰ
611 683 742 729 γόνατα
767 685 879 732 ὑγρῶς
901 686 1070 731 κάμπτων
1150 692 1284 731 genibus
1299 693 1448 724 rutundis
1463 692 1653 732 necmagnis
1689 691 1788 723 tereti
1804 700 1886 730 genu
1908 701 2070 733 parvoque
2093 701 2192 734 neque

100 737 239 773 ἄνωθεν
311 740 574 784 σαρκωδέστεροι
1731 745 1891 776 introrsus
1915 745 2073 785 spectanti

100 793 305 837 ὶσχυρόιερα

35 848 75 878 22
100 846 192 888 όηλὴ
243 847 376 892 ἐλαφρὰ
426 847 575 891 εὔφορος
612 848 720 881 ὁπλαὶ
737 848 877 890 ὑψηλαί,
900 850 1023 895 πόρρω
1041 849 1114 883 ἀπὸ
1151 855 1280 894 ungulis
1304 855 1410 884 duris:
1688 852 1776 882 duris
1800 852 1929 890 ungulis
1946 856 1978 883 et
1993 852 2072 882 altis
2094 857 2126 883 et
2148 852 2191 892 ὀ)
2226 848 2337 890 ὁπλὴν
2347 849 2604 894 εὐπερίγραφον
2615 848 2674 879 καὶ
2697 848 2730 886 b)

98 899 180 943 μήτε
193 904 337 934 πλατεῖα
349 900 433 943 μήτε
448 899 575 943 ὑψηλή,
655 903 815 936 δαπέδου
821 904 997 946 χελιδόνα,
1005 908 1118 938 κοῖλαι
1730 906 1883 937 concavis
1920 907 2127 948 rotundisque
2269 903 2452 938 πάντοθεν
2535 901 2673 945 ὁμαλῶς

100 953 228 1000 σαρκὸς
250 954 369 998 ὀλίγον
384 954 491 999 ὄνυχα
508 968 576 989 πα·
1730 958 1844 999 quibus
1857 968 1995 991 coronae
2007 960 2126 991 inedio-
2271 958 2551 1000 συμπεπηγυῖαν,
2573 955 2613 988 ef.
2631 956 2671 986 25

93 1005 174 1051 χύν,
201 1012 297 1048 κοίλη
1731 1022 1802 1043 cres
1815 1014 2038 1053 superpositae
2051 1019 2126 1045 sunt
2269 1017 2302 1043 et
2328 1011 2369 1043 26

36 1064 75 1096 23
1689 1066 1835 1098 rotundis
1859 1066 2008 1099 clunibus
2157 1070 2190 1108 a)

33 1119 73 1149 2⁴
97 1120 264 1162 μηριαίας
286 1116 334 1160 μὴ
350 1117 540 1161 σαρκώδεις
1689 1120 1858 1152 femiuibus
1888 1124 2011 1154 torosis
2046 1133 2083 1153 ac
2157 1124 2191 1162 b)
2225 1119 2355 1162 μηροὺς
2376 1120 2623 1162 μεμυωμένους
2696 1123 2729 1159 a)

1733 1176 1912 1208 numerosis
2300 1201 2303 1202 γ

34 1227 73 1257 25
611 1230 652 1261 cf.
677 1230 717 1261 22
2225 1224 2398 1269 βάτραχον
2417 1221 2543 1270 μικρόν

34 1281 73 1312 26
98 1277 207 1321 ὄνυχα
232 1278 349 1323 παχύν
611 1281 730 1326 ὄνυχες
753 1287 875 1326 παχεῖς
2229 1278 2336 1323 ὄνυχα
2360 1279 2497 1325 στερεόν

35 1444 74 1473 27
1150 1450 1361 1484 totocorpore
1375 1448 1410 1474 ut
1422 1443 1652 1483 habeatveuas,
1689 1441 1736 1471 sic
1760 1441 1943 1472 universum
1967 1452 2082 1483 corpus
2107 1453 2192 1474 com-

1191 1507 1270 1538 quae
1287 1497 1497 1528 animadverti
1509 1501 1653 1537 possunt,
1732 1495 1881 1534 positum,
1897 1500 1933 1525 ut
1945 1495 1991 1526 sit
2001 1496 2120 1534 grande
2138 1506 2190 1527 su-

1191 1551 1273 1592 quod
1291 1548 1390 1591 (qui)
1412 1550 1544 1582 huiusce
1568 1550 1652 1581 modi
1732 1548 1829 1579 hlime
1847 1552 1988 1580 erectum
2004 1549 2043 1580 ab
2059 1555 2191 1591 aspectu

1191 1606 1247 1640 sit,
1283 1605 1337 1643 [et]
1361 1615 1430 1635 eum
1464 1609 1516 1635 est
1544 1613 1652 1642 aeger,
1731 1612 1852 1643 quoque
1869 1603 1953 1642 agile
1976 1608 2010 1634 et
2026 1604 2189 1643 exlongo,

1190 1660 1230 1690 ad
1264 1659 1448 1690 medendum
1487 1658 1651 1699 adpositus
1731 1660 1880 1697 quantum
1904 1656 2004 1698 figura
2022 1657 2189 1698 permittit,

1191 1713 1338 1752 [corpore
1362 1712 1487 1750 multo}
1731 1711 1900 1741 rotundum

34 1768 75 1799 28

486 1912 581 1957 Quid
611 1924 654 1950 ex
685 1912 807 1950 tabula
836 1913 1023 1961 proposita
1054 1913 1252 1957 discamus,
1291 1914 1418 1961 paucis
1456 1912 1734 1951 adumbremus.
1792 1912 1872 1961 Ipsa
1901 1918 2026 1951 autem
2056 1913 2155 1963 loqui
2185 1913 2349 1951 videtur:
2393 1906 2458 1951 co-

304 1983 521 2031 gnoscimus
560 1982 658 2020 enim
699 1994 797 2020 nunc
836 1982 1037 2031 scriptores
1076 1990 1206 2032 poetas
1236 1983 1395 2020 Graecos
1426 1983 1614 2020 Romanos
1644 1982 1687 2020 ad
1718 1993 1836 2020 unum
1866 1993 1995 2020 omnes
2024 1982 2191 2021 Simonis
2222 1982 2459 2020 Atheniensis

306 2054 470 2101 vestigiis
518 2053 703 2090 insistere.
773 2054 812 2090 ld
861 2054 958 2102 quod
1010 2065 1053 2090 ex
1093 2053 1259 2090 Simonis
1302 2053 1513 2101 fragmento
1560 2053 1641 2102 ipso
1684 2053 1852 2101 quamvis
1896 2052 2219 2101 neglegentissime
2256 2052 2384 2091 habito
2422 2059 2459 2091 et

304 2125 502 2172 depravato
550 2124 663 2161 etiam
709 2123 842 2161 melius
885 2135 996 2173 quam
1042 2136 1086 2161 ex
1132 2123 1254 2162 tabula
1297 2123 1508 2173 intellegere
1553 2124 1648 2162 licet.
1720 2123 1816 2169 Quid
1864 2123 1963 2173 quod
2011 2123 2071 2161 ille
2118 2123 2162 2161 de
2209 2123 2293 2173 equi
2340 2125 2458 2162 forma

304 2194 422 2232 multo
451 2194 661 2232 accuratius
692 2193 764 2242 egit
793 2193 876 2237 illis,
909 2194 973 2244 qui
1003 2194 1082 2233 eius
1112 2193 1275 2232 libellum
1306 2198 1434 2243 postea
1465 2192 1790 2244 compilaverunt?
1839 2193 1940 2231 idem
1970 2204 2056 2242 ergo
2085 2194 2223 2232 sactum
2252 2199 2320 2239 est,
2359 2194 2457 2244 quod

304 2266 340 2301 in
371 2264 450 2302 aliis
482 2264 686 2313 disciplinis
717 2265 972 2309 observamus,
1003 2271 1043 2302 ut
1072 2265 1246 2314 princeps
1273 2272 1402 2303 auctor
1431 2276 1622 2303 summum
1652 2266 1806 2314 adeptus
1834 2264 1881 2302 sit
1900 2263 2103 2313 fastigium,
2133 2264 2177 2301 ad
2199 2264 2297 2313 quod
2318 2265 2457 2313 posteri

303 2345 379 2371 non
410 2341 691 2382 consurgerent,
723 2335 838 2371 immo
867 2334 954 2372 inde
984 2335 1101 2383 magis
1132 2335 1322 2384 magisque
1353 2335 1624 2373 delaberentur.
1682 2335 1733 2372 lta
1763 2335 1835 2373 iam
1864 2335 2086 2384 Xenophon,
2126 2334 2191 2383 qui
2218 2334 2325 2372 initio
2354 2345 2458 2372 com-

304 2405 550 2443 mentationis
580 2417 669 2443 suae
699 2417 783 2443 cum
816 2405 1020 2454 legentibus
1049 2407 1326 2444 communicare
1355 2416 1430 2443 non
1460 2405 1640 2444 dubitavit
1667 2417 1707 2443 se
1735 2405 1955 2455 plerumque
1983 2416 2068 2443 cum
2090 2403 2242 2442 Simone
2268 2404 2313 2443 de
2333 2403 2455 2450 rebus,

303 2488 394 2526 quas
424 2477 636 2526 prolaturus
666 2482 777 2521 esset,
807 2476 1030 2515 consentire.
1090 2476 1207 2515 Pauca
1239 2487 1340 2521 vero,
1387 2488 1482 2526 quae
1525 2477 1570 2514 de
1608 2488 1677 2515 suo
1720 2476 1877 2527 equinae
1919 2476 2059 2514 formae
2100 2474 2285 2513 addidisse
2314 2474 2457 2513 videtur

303 2547 555 2596 descriptioni,
586 2548 622 2584 in
651 2548 773 2584 libello
803 2549 882 2585 eius
911 2548 991 2596 ipse
1020 2547 1205 2596 perlegas:
1237 2548 1340 2585 facile
1360 2548 1439 2585 eius
1460 2548 1708 2585 additamenta
1730 2559 1750 2585 a
1770 2547 1996 2585 Simonianis
2015 2546 2292 2584 discernuntur.
2330 2545 2455 2603 Unum

302 2629 570 2663 commemoro,
601 2619 700 2667 quod
730 2618 768 2655 in
798 2618 921 2656 tabula
952 2629 1027 2656 non
1059 2618 1310 2667 cognoscitur,
1339 2617 1626 2668 Xenophontem
1658 2617 1802 2656 Simoni
1832 2617 1884 2655 vel
1914 2618 1952 2655 in
1980 2618 2047 2655 hac
2073 2628 2113 2655 re
2141 2628 2180 2654 se
2208 2601 2456 2667 applica-visse,

302 2688 400 2738 quod
432 2688 478 2726 ab
509 2689 656 2738 ungulis
687 2689 772 2739 equi
803 2688 960 2734 orditur,
990 2700 1074 2726 cum
1106 2689 1246 2738 posteri
1276 2700 1295 2726 a
1325 2688 1445 2738 capite
1472 2688 1664 2737 incipiant.

485 2759 596 2796 Varro
628 2759 827 2797 Columella
858 2759 1067 2808 Geoponica
1108 2760 1222 2797 codex
1252 2759 1564 2807 Cantabrigiensis
1595 2769 1706 2808 quam
1742 2759 1928 2797 artissimo
1958 2759 2057 2797 inter
2085 2769 2125 2796 se
2153 2756 2341 2796 coniuncti
2369 2762 2459 2795 sunt

304 2829 459 2871 vinculo,
491 2840 610 2878 neque
640 2828 796 2867 dubium
828 2834 896 2872 est,
926 2829 1016 2877 quin
1048 2829 1153 2878 plane
1184 2829 1398 2867 coniventes
1430 2840 1473 2866 ex
1503 2829 1634 2866 eodem
1665 2829 1766 2867 fonte
1796 2829 1990 2867 hauserint
2018 2828 2068 2865 ita
2098 2838 2174 2865 non
2199 2838 2267 2864 suo
2288 2826 2344 2865 usi
2364 2836 2456 2864 con·

301 2899 395 2941 silio,
438 2905 477 2936 ut
515 2910 644 2936 eorum
679 2899 786 2936 verba
825 2900 923 2936 inter
951 2911 1032 2936 sese
1070 2904 1280 2948 comparata
1321 2899 1512 2937 emendari
1542 2899 1701 2947 possint.
1758 2899 1804 2936 Et
1832 2899 1974 2948 optimo
2003 2899 2083 2935 iure
2111 2897 2291 2935 Ricardus
2320 2896 2457 2934 Heinze

302 2974 504 3006 comment.
529 2968 702 3006 Ribbeck.
724 2981 759 3018 p.
777 2969 853 3007 435
887 2969 997 3007 trium
1029 2970 1233 3019 primorum
1258 2969 1527 3019 descriptiones
1547 2969 1769 3019 composuit,
1801 2974 1842 3007 ut
1869 2968 2140 3006 demonstraret
2169 2978 2232 3006 eos
2261 2965 2306 3005 ab
2327 2965 2457 3005 eodem

300 3039 484 3089 scriptore
523 3040 703 3088 pendere,
748 3050 974 3089 quamquam
1008 3040 1059 3077 vir
1090 3040 1222 3077 doctus
1261 3051 1339 3077 rem
1376 3050 1442 3089 per
1472 3051 1511 3077 se
1541 3040 1736 3077 dilucidam
1767 3051 1848 3077 esse
1876 3044 1979 3076 ratus
2009 3049 2129 3087 neque
2158 3037 2321 3086 singulas
2343 3042 2458 3087 *notas
