2782 3269
1250 57 1530 99 „22-

314 166 483 203 moribus
527 178 708 216 equorum
752 168 863 205 nimis
906 168 1069 205 humana
1113 169 1267 207 dixerat.
1325 170 1524 218 Signorum
1564 180 1828 220 corporeorum
1862 164 2178 220 μελανόμματος
2217 168 2337 211 solum
2367 168 2407 205 in
2437 168 2464 206 C

313 238 560 281 desideratur,
602 240 726 275 nescio
770 251 817 275 an
855 239 989 275 iniuria
1024 245 1253 286 temporum,
1293 240 1338 275 cf.
1369 240 1441 276 tab.
1472 240 1507 276 3.
1566 241 1693 288 Neque
1723 240 1786 287 qui
1815 241 2018 288 pannulum
2048 240 2162 277 istum
2191 238 2298 286 capiti
2335 239 2463 281 assuit,

313 307 468 350 curavit,
501 313 542 345 ut
571 307 671 346 Plato
706 320 790 346 cum
824 308 904 346 aliis
938 307 1066 357 capitis
1098 308 1265 357 partibus
1294 309 1534 347 consentiret.
1581 310 1698 348 lmmo
1724 310 1768 348 ad
1795 314 1936 348 tantam
1965 307 2219 358 stupiditatem
2247 318 2465 358 progressus

314 383 383 420 est,
426 382 466 413 ut
503 377 601 427 quod
641 377 881 427 philosophus
921 378 965 414 de
1002 389 1097 426 equo
1138 389 1248 427 pravo
1287 378 1428 415 dixerat
1467 376 1801 430 σιμοπρόσωπος
1838 385 1876 417 et
1904 379 1982 429 ipse
2009 378 2078 428 frg.
2100 379 2123 416 7
2152 383 2249 416 recte
2279 383 2465 427 repeteret

312 446 488 495 idemque
526 452 652 483 mente
690 453 794 496 capta
834 448 878 484 de
917 447 1017 484 bono
1056 458 1152 496 equo
1185 446 1299 495 f1·g.6
1333 449 1578 486 contenderet
1607 449 1644 485 in
1676 449 1749 486 tab.
1772 449 1807 494 7,
1843 448 1905 486 ubi
1939 448 2051 486 ceteri
2085 453 2200 486 testes
2235 448 2279 484 de
2308 459 2348 485 ea
2377 453 2465 486 nota

313 517 439 552 silent.
504 516 632 564 Neque
670 517 782 564 igitur
820 518 1015 565 qnisquam
1058 518 1270 561 mirabitur,
1308 519 1405 566 quod
1438 525 1475 555 et
1501 519 1666 555 Platonis
1691 517 1945 568 μελάγχρους
1979 519 2061 567 (frg.
2086 519 2126 567 7)
2157 525 2345 567 tamquam
2376 519 2464 567 quid

312 585 551 634 vituperabile
589 586 743 624 retinuit
781 594 818 624 et
844 586 894 624 28
926 599 1061 635 equum
1090 587 1228 625 bonurn
1270 600 1350 625 esse
1390 588 1480 625 dixit
1514 587 1661 637 χροιὰν
1686 587 1880 638 φοινικὸν
1907 586 1930 639 ἢ
1958 586 2127 638 μέλανα.
2186 588 2315 637 Neque
2341 589 2465 626 minus

313 656 467 692 moleste
495 656 630 704 repetit
660 661 742 704 post
770 655 934 693 Platonis
969 653 1016 694 τό
1043 670 1085 693 τε
1113 655 1222 701 εἶδος
1249 654 1401 705 ὄρθιον
1428 656 1496 695 καὶ
1526 656 1847 708 διηρθρωμένον
1876 658 1991 696 Cassii
2023 657 2182 707 Dionysii
2214 657 2464 707 descriptione

311 725 414 762 finita
445 725 493 761 27
526 722 680 775 ὄρθιον
710 721 790 776 ὅλῳ
820 726 877 777 τῷ
907 724 1085 777 σώματι,
1117 723 1339 778 εὐμεγέθη,
1371 725 1705 778 διηρθρωμένον,
1738 727 1785 765 cl'.
1813 738 1923 777 supra
1956 739 1991 778 p.
2020 727 2075 765 18.

499 797 618 845 Atque
657 803 759 833 extra
800 807 950 833 omnem
991 797 1263 834 dubitationem
1304 798 1466 847 positum
1506 810 1588 836 esse
1623 799 1766 835 videtur
1805 810 1822 835 a
1864 799 1965 835 nullo
2005 799 2058 836 vel
2100 798 2331 836 mediocriter
2370 809 2463 836 sano

310 866 494 915 scriptore
544 866 624 903 talia
675 867 771 905 intra
819 867 940 904 brevis
985 868 1183 917 particulae
1228 868 1406 906 ambitum
1456 880 1531 906 uno
1575 875 1703 906 tenore
1742 868 1899 918 proferri
1939 869 2103 918 potuisse
2143 881 2263 918 neque
2302 869 2347 906 ab
2386 869 2464 918 ipso

312 948 443 984 pecore
483 937 772 985 Cantabrigiensi
814 945 898 987 post
937 950 1075 976 annum
1116 939 1193 976 fere
1228 938 1305 975 950
1335 951 1369 987 p.
1392 939 1475 977 Chr.
1509 940 1651 976 vivente
1681 939 1764 983 (Rli.
1786 938 1878 977 Mus.
1900 939 1963 984 51,
1988 939 2047 982 14,
2069 939 2110 987 2)
2142 939 2303 977 Platonis
2341 940 2463 977 locum

310 1008 432 1055 ipsum
464 1007 674 1055 inspectum
715 1014 752 1044 et
790 1008 998 1046 adhibitum
1040 1021 1134 1046 esse.
1194 1009 1289 1045 Nuni
1330 1020 1418 1057 ergo
1448 1010 1659 1058 colligemus
1689 1010 1733 1046 ab
1762 1009 1831 1046 alio
1863 1011 2020 1059 quodam
2052 1010 2233 1059 scriptore
2264 1010 2462 1052 Platonica,

309 1076 353 1113 ab
401 1078 471 1114 alio
518 1077 808 1127 descriptionem
850 1079 963 1117 Cassii
1005 1080 1163 1128 Dionysii
1212 1080 1446 1129 suppeditata
1493 1078 1602 1117 esse?
1660 1080 1810 1117 Constat
1858 1087 1980 1118 autem
2020 1080 2309 1129 descriptionem
2348 1080 2462 1117 Cassii

310 1146 472 1196 Dionysii
513 1159 578 1197 per
606 1148 817 1186 Anatolium
859 1149 895 1187 in
929 1150 955 1187 C
991 1150 1151 1188 venisse:
1194 1162 1281 1187 num
1321 1151 1390 1187 erit
1428 1162 1577 1188 necesse
1617 1150 1783 1187 Anatolio
1823 1150 1985 1188 Platonis
2024 1151 2143 1188 locum
2179 1150 2389 1188 abiudicare
2428 1156 2464 1187 et

308 1217 365 1254 alii
405 1218 548 1255 cuidam
584 1217 801 1267 assignare?
861 1220 1128 1265 Quaestionem
1161 1226 1357 1269 promovet
1386 1220 1499 1270 Geop.
1521 1219 1644 1258 Xv12
1675 1220 1772 1269 quod
1803 1220 1861 1258 hic
1890 1232 2091 1270 apponam:

967 1349 1064 1388 Geop.
1092 1348 1167 1380 XVl
1185 1350 1213 1380 2.
1253 1346 1382 1379 Ἵππου
1405 1350 1537 1389 σημεῖα.
1585 1350 1816 1389 Πελαγωνίου.

482 1419 490 1447 1
517 1417 615 1453 Τινὲς
640 1416 676 1449 δὲ
700 1420 757 1449 καὶ
780 1416 860 1453 τοὺς
882 1415 1163 1460 ἑτεροφθάλμους
1186 1418 1222 1451 ἐν
1239 1422 1311 1454 τοῖς
1327 1420 1517 1453 καλλίστοις
1533 1417 1720 1456 τάττουσιν,
1747 1413 1824 1450 οἶόν
1840 1427 1928 1460 φασι
1944 1420 2168 1459 γεγεννῆσθαι
2194 1417 2253 1450 τὸν
2268 1418 2328 1450 τοῦ
2348 1420 2465 1449 Μακε-·

306 1465 405 1504 δόνος
435 1469 660 1513 Ἀλεξάνδρου
687 1472 926 1513 Βουκέφαλον.
973 1472 1171 1511 γλῶσσαν
1207 1470 1245 1502 δὲ
1270 1474 1343 1507 (om.
1370 1471 1431 1500 ΡΜ
1470 1472 1579 1512 optimi
1606 1471 1703 1511 Geop.
1736 1472 1842 1501 codd.:
1877 1472 1978 1500 omnin
2014 1480 2090 1511 ergo
2126 1481 2204 1511 qnae
2240 1477 2390 1502 secuntur
2426 1473 2463 1500 de

308 1526 486 1565 Bucephalo
512 1526 598 1555 dicta
626 1527 751 1563 volunt)
776 1524 931 1565 λεπτὴν
953 1528 1021 1556 καὶ
1050 1523 1221 1567 μακρὰν
1250 1525 1375 1566 ἐχέτω
1399 1528 1472 1561 (om.
1501 1527 1578 1563 ΡΜ)
1602 1522 1646 1556 τὸ
1676 1526 1716 1556 δὲ
1747 1521 1982 1565 πρόσωπον
2005 1522 2176 1566 σιμὸνῆ
2210 1525 2462 1568 ἐπίγρυπον.

306 1577 373 1610 δεῖ
395 1577 439 1610 δὲ
464 1576 589 1610 αὑτὸν
611 1577 725 1609 εἶναι
750 1578 885 1616 (δεῖ-
903 1579 1010 1611 εἶναι
1038 1590 1102 1610 οιη.
1129 1580 1207 1617 FM)
1232 1575 1466 1619 ὑψαύχενα,
1489 1580 1628 1622 γαῦρον,
1652 1576 1852 1619 γλαυκόν,
1875 1578 2182 1620 δυσγαγγάλιστον,
2205 1576 2356 1620 ὀρθόν,
2391 1573 2464 1610 τόν

306 1643 347 1664 τε
371 1632 583 1674 τράχηλον
605 1630 730 1675 (ὀρθόν
752 1628 920 1675 τράχηλίν
943 1644 977 1665 τε
1004 1634 1082 1669 FM)
1108 1632 1239 1675 πλήρη
1263 1634 1331 1664 καὶ
1355 1628 1511 1673 παχύν,
1546 1637 1767 1664 τουτέστιν
1796 1629 1842 1665 οὗ
1877 1630 2245 1674 βραχυτράχηλον,
2281 1634 2462 1674 γαστέρα

305 1689 711 1729 συμπεπιεσμένην,
750 1690 820 1718 καὶ
856 1690 950 1722 ταῖς
985 1684 1133 1728 λαγόσι
1165 1688 1514 1727 συνεσταλμένην,
1555 1686 1596 1717 τὸ
1633 1688 1814 1728 μέγεθος
1848 1680 2014 1724 ἱκανόν,
2052 1683 2122 1721 τὰς
2159 1686 2212 1717 δι’
2248 1682 2350 1717 ὅλου
2388 1688 2463 1717 τοῦ

306 1745 503 1791 σώματος
527 1751 680 1792 φλέβας
704 1746 913 1791 εἰνσίμους
936 1751 1004 1780 καὶ
1027 1748 1288 1793 ἐπηρμένης,
1314 1748 1390 1787 τὴν
1409 1747 1568 1791 χροιὰν
1590 1749 1827 1790 κατακόρως
1849 1748 2019 1790 μέλανα.
2056 1749 2073 1779 2
2098 1738 2291 1779 Πλάτων
2314 1747 2353 1779 δὲ
2370 1746 2463 1782 τοὺς

305 1810 344 1840 λε
358 1806 475 1843 υκους
500 1807 777 1848 ἀποδέχεται,
800 1804 844 1842 ὠς
866 1806 903 1838 ἐν
927 1808 971 1848 τῷ
995 1807 1102 1847 λευκῷ
1126 1807 1183 1837 καὶ
1207 1806 1253 1847 τῷ
1269 1806 1391 1839 μέλανι
1414 1803 1475 1838 τὶν
1490 1800 1655 1847 ἀκρότητα
1673 1805 1903 1837 ἐπαινεῖσθαι.
1944 1806 1962 1835 3
1986 1806 2055 1836 καὶ
2079 1801 2148 1836 τὸν
2171 1804 2462 1847 φοινικίζοντα

304 1862 343 1893 δὲ
371 1862 696 1903 συναριθμοῦσι
722 1863 811 1895 τοῖς
835 1858 1018 1902 ἀγαθοῖς
1041 1862 1210 1894 ἵπποις·
1236 1862 1415 1901 συμβαίνει
1440 1859 1474 1891 δὲ
1498 1862 1554 1891 καὶ
1579 1857 1680 1898 ἄλλης
1697 1860 1821 1902 χροιᾶς
1844 1858 1999 1900 ἀγαθοὺς
2022 1859 2153 1894 ἵππους
2176 1858 2264 1891 εἶναι
2286 1858 2461 1894 πολλάκις.

304 1919 322 1948 4
347 1914 487 1958 ἀγαθοῦ
512 1915 546 1947 δὲ
570 1914 684 1946 ἵππου
706 1916 762 1945 καὶ
786 1916 884 1945 τοῦτο
907 1910 1107 1956 τεκμήριον,
1144 1912 1248 1946 ὅταν
1272 1914 1456 1953 ἑστηκὼς
1478 1912 1533 1956 μὴ
1557 1910 1774 1955 ἀνέχηται,
1807 1910 1911 1944 ἀλλὰ
1947 1913 2105 1954 κροτῶν
2128 1910 2197 1953 τὴν
2220 1911 2299 1955 γῗν
2321 1910 2461 1956 ὥσπερ

304 1972 464 2013 τρέχειν
487 1970 688 2011 ἐπιθυμῇ
712 1970 764 2006 (ad
790 1974 933 1999 extrema
959 1967 997 1999 cf.
1026 1968 1086 2007 frg.
1104 1969 1140 2006 l).

488 2070 596 2106 Vides
628 2070 663 2111 6,
696 2069 730 2110 7,
765 2068 841 2105 l3b
872 2074 947 2105 tres
977 2080 1039 2104 eas
1069 2074 1174 2104 notas
1206 2068 1362 2111 tabulae,
1402 2080 1492 2116 quas
1524 2068 1550 2104 C
1578 2068 1678 2104 solus
1709 2067 1869 2116 praebet,
1910 2072 2148 2114 praetereunt
2186 2067 2296 2103 ceteri
2334 2073 2459 2111 testes,

307 2141 365 2177 bic
396 2140 516 2177 redire
529 2139 570 2184 ¹).
629 2141 749 2188 Atque
780 2139 803 2175 6
833 2135 987 2187 μικράν
1016 2138 1052 2174 in
1083 2139 1109 2175 C
1138 2150 1204 2186 pro
1234 2136 1396 2187 μακράν
1426 2138 1723 2186 Geoponicorum
1754 2142 1810 2173 est
1841 2136 1936 2173 varia
1965 2136 2087 2178 lectio.
2118 2147 2212 2184 quae
2243 2148 2326 2173 cum
2357 2149 2460 2174 com-

305 2216 512 2248 memoratu
549 2210 658 2258 digna
696 2209 763 2253 sit,
803 2209 875 2245 iam
916 2220 933 2245 a
964 2208 1190 2246 Needhamio
1231 2220 1274 2245 ex
1306 2215 1434 2245 nostro
1463 2207 1590 2245 codice
1628 2207 1672 2244 ad
1704 2206 1912 2256 Geoponica
1953 2206 2055 2243 allata
2085 2211 2160 2253 est,
2202 2217 2323 2255 neque
2360 2212 2459 2245 recte

303 2282 389 2318 fecit
421 2280 646 2318 novissimus
677 2291 806 2316 eorum
838 2280 968 2321 editor,
1000 2279 1098 2327 quod
1131 2279 1413 2328 discrepantiam
1447 2290 1520 2315 non
1551 2277 1748 2315 adnotavit.
1807 2276 1891 2313 Utra
1923 2288 2009 2313 vero
2040 2276 2168 2314 melior
2199 2277 2256 2321 sit,
2286 2276 2458 2326 equidem

304 2351 505 2389 diiudicare
549 2362 625 2387 non
670 2362 836 2400 possum.
897 2350 1006 2387 Valde
1051 2349 1222 2386 notabilis
1267 2354 1324 2386 est
1358 2349 1400 2391 7,
1444 2348 1507 2385 ubi
1547 2360 1589 2384 ex
1619 2346 1841 2397 Geoponicis
1884 2347 2052 2396 cognosci
2093 2352 2229 2396 potest,
2270 2347 2458 2396 quomodo

303 2422 543 2459 foedissimus
566 2433 671 2458 error
691 2421 828 2458 codicis
851 2420 1178 2468 Cantabrigiensis‚
1208 2431 1317 2467 quem
1343 2419 1452 2455 modo
1473 2418 1656 2466 castigavi,
1680 2424 1786 2455 ortus
1807 2417 1864 2454 sit.
1904 2417 2112 2466 Geoponica
2134 2417 2232 2454 enim
2256 2418 2456 2467 praebent:

302 2492 348 2530 τὸ
375 2491 420 2530 δὲ
450 2490 682 2542 πρόσωπον
708 2490 835 2541 σιμόν
863 2489 886 2541 ἢ
912 2490 1163 2541 ἐπίγρυπον,
1194 2491 1238 2527 C:
1270 2488 1503 2538 πρόσωπον
1532 2486 1669 2537 σιμόν.
1711 2488 1800 2525 illud
1823 2487 2006 2537 ineptum,
2037 2488 2106 2526 hoc
2126 2488 2271 2525 falsum.
2310 2488 2456 2527 Etenim

304 2560 426 2611 σιμός
448 2561 706 2610 (⁸stulpnasig'‚
729 2561 913 2609 ‘konkav')
934 2567 970 2599 et
990 2560 1223 2610 ἐπίγρυπος
1244 2560 1389 2608 (⁶etwas
1410 2559 1649 2606 gekrfimmt'‚
1666 2558 1945 2606 ‘krahennasig‘‚
1969 2558 2148 2595 ‘ziemlich
2169 2557 2339 2603 ltonvex')
2360 2558 2459 2596 inter

303 2645 342 2670 se
364 2632 548 2670 contraria
567 2631 707 2679 sunt2).
741 2631 945 2681 Utrumque
967 2642 1055 2680 ergo
1077 2631 1290 2681 promiscue
1312 2641 1422 2667 nenio
1439 2641 1552 2667 sanus
1569 2628 1614 2666 de
1631 2628 1723 2666 facie
1740 2628 1874 2678 equina
1891 2627 1986 2666 bona
2003 2628 2169 2678 proferre
2186 2628 2318 2678 potuit,
2337 2640 2457 2678 neque

483 2764 509 2799 ¹)
531 2763 693 2805 μέτωπον
716 2756 850 2803 ὁμαλόν
872 2762 894 2792 C
913 2762 930 2792 2
955 2762 1050 2793 etiam
1075 2762 1126 2791 hic
1151 2761 1259 2799 deest3
1285 2761 1442 2792 nescimus
1468 2770 1554 2799 ergo,
1579 2760 1660 2790 unde
1685 2763 1840 2801 sumptum
1864 2760 1918 2790 sit.

482 2841 509 2882 2)
529 2840 619 2881 Apud
645 2840 801 2871 Simonem
825 2839 979 2870 traditum
1009 2839 1143 2877 legimus
1167 2838 1239 2876 (nh.
1259 2837 1298 2869 Μ.
1324 2839 1376 2877 51,
1393 2838 1445 2875 68,
1466 2838 1518 2875 15)
1541 2834 1670 2879 κεφαλὶ
1704 2824 1914 2877 ἐπισημοπ,
1945 2830 2091 2879 ἐλαφρά.
2139 2837 2281 2867 Blassius
2304 2838 2358 2877 qui
2382 2834 2456 2868 bu-

302 2894 473 2938 σιμοτάτα
498 2896 652 2927 traditum
677 2904 747 2925 esse
772 2894 913 2935 putabat,
936 2892 1098 2934 ἔπίσιμος
1121 2892 1262 2933 scripsit,
1297 2891 1378 2933 quod
1410 2901 1468 2932 ego
1492 2892 1528 2922 ll.
1553 2892 1595 2922 ita
1621 2891 1804 2932 complexus
1829 2900 1908 2929 sum,
1946 2896 1980 2922 ut
2014 2890 2246 2932 superlativum
2269 2899 2454 2922 servarem:

300 2956 336 2981 nt
372 2961 452 2980 nuuc
488 2950 644 2984 arbitror,
681 2949 812 2979 iniuria.
860 2947 974 2978 Lectio
1010 2948 1094 2977 onim
1126 2947 1245 2977 tradit·
1270 2947 1347 2976 bene
1372 2955 1443 2976 sese
1468 2946 1577 2977 habet:
1612 2940 1848 2986 ἔπισημοτάτη
1871 2946 1957 2976 ‘sehr
1980 2944 2091 2976 seh-ri*
2111 2945 2318 2984 ausgoprigt’
2338 2945 2456 2985 optime

300 3005 475 3045 respondet
499 3004 630 3034 vocibus
656 3002 916 3045 *διηρθρωμένῆ
940 3001 1004 3040 (C),
1028 3001 1163 3039 ‘arguto’
1188 3000 1370 3039 (Vergilii),
1393 2998 1570 3039 ‘doraidqc'
1591 2999 1856 3040 (Xenophontis),
1882 2999 1978 3040 ‘pelle
2003 2999 2224 3039 propemodum
2249 2998 2376 3029 onibus
2399 2997 2455 3028 nd—

300 3060 462 3091 hnerente‘
501 3058 688 3097 (Palladii),
727 3056 767 3089 cf.
811 3056 960 3088 tabulam.
1021 3056 1139 3087 Contra
1180 3057 1210 3086 iu
1253 3053 1501 3097 ἐπισιμοτοὶτη,
1544 3060 1577 3086 ut
1617 3056 1676 3086 iam
1715 3055 1799 3086 vidit
1837 3055 1998 3093 Blassius,
2043 3053 2194 3095 displicet
2232 3052 2454 3095 superlativus
