2782 3269
1314 79 1594 117 -11-

384 186 583 227 admodum
614 187 809 226 molestum
837 186 896 234 sit,
925 187 1054 226 lacuna
1084 186 1339 226 constituenda
1369 198 1451 226 esse
1476 186 1629 226 videtur.
1669 186 1765 225 Tum
1787 191 1958 224 nontam
1982 192 2208 236 praegnates,
2238 187 2333 225 sicut
2353 187 2379 226 G
2403 188 2522 233 docet,

384 268 495 309 quam
533 269 629 308 quae
666 262 893 308 pepererunt
930 267 1061 307 equas,
1102 263 1143 295 ut
1170 257 1197 295 C
1226 257 1322 302 vult,
1361 257 1406 294 ab
1436 258 1605 296 Anatolio
1634 268 1779 295 summa
1819 267 1859 294 ea
1899 267 1992 306 quae
2021 258 2305 295 commendatur
2332 258 2519 307 diligentia

384 334 558 366 tractatas
592 340 674 366 esse
702 328 900 365 verisimile
928 334 995 364 est.
1052 328 1097 364 Et
1135 328 1216 375 ipse
1244 327 1274 363 G
1303 327 1375 365 hoc
1402 326 1539 366 invitus
1568 328 1759 364 confessus
1789 332 1862 367 est,
1892 328 1985 363 ‘cum
2024 327 2206 364 scribebat
2233 326 2446 371 τεκούσαις
2476 326 2521 365 δὲ

383 395 531 445 αὐταῖς
557 397 631 450 τὴν
662 396 858 449 Μηδικήν
887 394 1212 448 παραβαλοῦμεν
1239 394 1322 435 καὶ
1348 392 1434 448 τὴν
1464 397 1835 448 προειρημένην
1863 393 2164 447 ἐπιμέλειαν
2193 395 2522 448 προσάξομεν.

563 468 679 508 Multo
708 468 839 507 melius
868 478 955 517 ergo
976 466 1003 505 C
1032 478 1071 506 se
1100 466 1221 511 habet,
1252 467 1289 505 in
1318 478 1392 517 quo
1422 467 1544 506 omnia
1574 467 1667 506 bene
1697 478 1832 506 conexa
1862 467 2077 517 procedant,
2107 467 2175 506 nisi
2206 467 2304 517 quod
2336 467 2381 506 de
2409 468 2524 506 calido

384 539 530 579 stabulo
569 544 606 578 et
642 539 686 578 de
724 546 910 590 tempore,
950 549 1023 588 quo
1056 537 1144 588 pulli
1175 549 1194 576 a
1223 538 1316 589 lacte
1344 538 1559 577 removendi
1588 538 1671 582 sint,
1701 538 1757 576 his
1785 537 1918 588 agitur.
1975 538 2101 589 Itaque
2131 538 2284 589 propius
2312 550 2332 577 a
2361 539 2524 589 genuino

384 615 560 648 contextu
579 610 708 648 abesse
729 610 884 655 videtur,
915 621 1140 660 quamquam
1159 609 1328 648 Anatolio
1349 621 1392 646 ex
1413 609 1443 647 G
1462 615 1500 647 et
1518 609 1553 647 Μ
1577 610 1682 659 plura
1703 615 1932 646 accrescunt.
1972 609 2162 647 Anatolius
2182 615 2306 647 autem
2328 610 2525 647 manifesto

382 681 598 731 gravissima
627 686 820 730 praecepta
851 693 894 718 ex
923 680 1024 718 sonte
1045 681 1206 718 Varrone
1235 686 1273 718 et
1300 680 1498 718 Columella
1527 680 1736 729 antiquiore
1765 680 1896 717 hausit.
1944 679 2127 717 Nimirum
2157 680 2298 729 respice
2328 681 2453 718 sodes:

564 766 667 798 Varro
692 765 718 798 Π
734 766 795 805 Ἷ,1
821 766 868 797 ed.
894 766 995 797 maior
1018 765 1130 797 Keilii.
1183 765 1340 807 Equinum
1374 775 1469 807 pecus
1493 766 1681 807 pascendum
1705 789 1712 796 .
1730 789 1738 797 .
1756 789 1763 796 .
1789 765 1819 796 in
1844 765 1979 797 stabulis
2004 776 2041 797 ac
2066 766 2272 807 praesepibus
2297 765 2388 797 arido
2414 764 2524 805 faenog

383 830 452 851 cum
475 825 670 862 pepererunt
691 821 810 852 hordeo
833 821 957 852 adiecto
980 820 1031 851 bis
1056 820 1107 852 die
1131 820 1204 851 data
1227 829 1307 861 aqua
1323 843 1331 852 .
1349 842 1356 851 .
1374 844 1382 852 .
1399 819 1431 861 (ξ
1446 821 1496 859 10)
1520 823 1724 861 praegnatem
1748 828 1849 860 neque
1872 820 2004 861 implere
2028 820 2099 851 cibo
2124 830 2225 861 neque
2249 821 2375 851 esurire
2399 826 2527 862 oportet

467 875 541 912 [in]
565 875 694 905 decem
717 875 856 906 diebus
880 875 1091 905 secuudum
1115 878 1271 913 partum
1304 884 1384 905 cum
1418 875 1617 906 matribus
1652 874 1688 904 in
1722 875 1906 914 pabulum
1937 875 2241 914 prodigendum,
2277 885 2320 905 ne
2354 876 2525 913 ungulas

383 928 591 960 comburat
613 932 771 972 stercus
795 927 1004 967 [tenebat].
1049 927 1438 969 quinquemestribus
1462 927 1560 969 pullis
1583 926 1697 966 factis,
1726 937 1795 959 cum
1820 928 1942 960 redacti
1964 933 2039 959 sunt
2062 929 2092 959 in
2116 928 2291 966 stabulum,
2328 928 2525 959 obiciendum

384 981 517 1013 farinam
540 983 742 1013 hordeaciam
767 982 909 1013 molitam
945 991 1014 1012 cum
1045 980 1241 1019 furfuribus,
1277 987 1309 1012 et
1342 982 1371 1012 si
1394 982 1467 1022 quid
1491 981 1579 1012 aliud
1602 987 1690 1012 terra
1715 986 1821 1012 uatum
1846 982 1986 1014 libenter
2009 984 2114 1014 edent.
2161 984 2318 1014 anniculis
2343 985 2403 1015 iam
2429 984 2525 1015 factis

384 1036 519 1067 dandum
541 1036 693 1067 hordeum
716 1040 750 1067 et
771 1034 924 1075 furfures,
948 1044 1045 1075 usque
1069 1035 1167 1075 quaad
1191 1039 1286 1066 eruut
1308 1035 1477 1066 lactantes.
1522 1044 1622 1074 neque
1646 1035 1735 1076 prius
1759 1035 1885 1066 biennio
1909 1035 2054 1068 confecto
2078 1046 2096 1067 a
2119 1037 2202 1068 lacte
2226 1039 2461 1069 removendum.

563 1101 682 1132 Colum.
702 1099 810 1140 V127‚
829 1100 877 1132 12.
923 1099 978 1130 Sin
1001 1103 1107 1132 autem
1131 1109 1282 1140 prospere
1312 1100 1410 1131 cessit
1431 1101 1490 1137 (sc.
1515 1101 1651 1141 partus),
1686 1100 1814 1131 minime
1837 1110 1930 1132 manu
1956 1102 2188 1141 contingendus
2211 1102 2318 1144 pullus
2342 1103 2418 1143 erit,
2456 1113 2524 1134 uam

384 1154 524 1186 laeditur
548 1155 644 1185 etiam
669 1154 835 1186 levissimo
859 1158 1017 1185 contactu.
1062 1157 1184 1185 tantum
1207 1163 1285 1185 eura
1309 1153 1521 1192 adhibebitur,
1551 1158 1586 1184 ut
1609 1158 1641 1184 et
1664 1154 1767 1195 amplo
1792 1160 1825 1186 et
1848 1155 1953 1186 calido
1976 1155 2048 1186 loco
2073 1166 2142 1186 cum
2166 1160 2268 1187 matre
2292 1162 2453 1195 versetur,
2488 1167 2525 1188 ue

381 1213 437 1240 aut
458 1207 559 1247 frigus
581 1208 682 1240 adhuc
708 1208 830 1239 infirmo
855 1213 970 1239 noceat
991 1211 1048 1239 aut
1063 1212 1165 1239 mater
1180 1207 1212 1238 in
1229 1207 1386 1247 angustiis
1403 1217 1473 1239 eum
1490 1207 1627 1239 obterat.
1660 1209 1858 1248 paulatim
1882 1210 1996 1241 deinde
2021 1210 2241 1250 producendus
2266 1210 2330 1241 erit
2356 1211 2525 1251 providen-

383 1262 528 1302 dumque,
553 1271 592 1293 ue
616 1265 759 1293 stercore
783 1262 918 1300 ungulas
941 1262 1066 1293 adurat.
1102 1270 1185 1292 mox
1209 1270 1277 1291 cum
1301 1261 1421 1295 firmior
1436 1259 1546 1299 fuerit,
1570 1262 1600 1291 in
1624 1262 1731 1292 eadem
1755 1271 1881 1302 pascua,
1904 1263 1935 1292 in
1960 1263 2073 1302 quibus
2097 1268 2200 1294 mater
2223 1268 2283 1301 est,
2308 1264 2524 1301 dimittendus,

385 1325 423 1346 ue
439 1315 599 1347 desiderio
616 1320 727 1356 partus
743 1316 794 1347 sui
810 1315 935 1347 laboret
951 1325 1040 1357 equa,
1065 1325 1134 1347 nm
1150 1315 1179 1346 id
1197 1313 1363 1355 praecipue
1378 1323 1476 1354 genus
1493 1315 1623 1356 pecudis
1639 1325 1747 1347 amore
1765 1320 1921 1351 natorum,
1947 1316 2011 1348 nisi
2028 1316 2083 1348 fiat
2100 1322 2256 1357 potestas,
2282 1327 2395 1349 noxam
2412 1318 2524 1349 trahit.

563 1368 610 1401 Cf.
635 1370 732 1401 etiam
756 1369 952 1400 columellae
975 1369 1009 1400 ll.
1033 1368 1054 1410 ξ
1073 1369 1111 1401 10
1135 1377 1231 1410 supra
1254 1368 1296 1409 (p.
1314 1368 1346 1406 8)
1370 1368 1469 1399 allata
1491 1368 1600 1399 verba.

563 1447 658 1493 Quid
689 1447 786 1496 quod
816 1447 989 1485 Varronis
1019 1452 1213 1485 contextus
1243 1457 1342 1484 nunc
1371 1458 1414 1484 ex
1443 1446 1469 1484 C
1497 1446 1686 1484 emendari
1714 1446 1864 1497 potest?
1922 1447 2021 1485 Luce
2060 1448 2158 1486 enim
2198 1448 2331 1486 clarius
2370 1461 2436 1498 pro
2467 1451 2523 1487 ‘in

385 1517 511 1556 decem
540 1517 696 1562 diebus’,
725 1517 869 1555 soloeca
897 1517 1057 1555 lectione
1086 1516 1229 1563 tradita,
1260 1516 1497 1555 scribendum
1528 1528 1608 1555 esse
1638 1517 1857 1567 ‘quindecim
1889 1517 2043 1556 diebus'.
2091 1518 2161 1556 Pro
2191 1519 2364 1557 ‘tenebat'
2393 1525 2519 1557 autem

385 1588 590 1625 Pontianus
621 1588 794 1626 ‘tenellas'
823 1589 961 1626 codicis
981 1588 1151 1625 Marciani
1182 1587 1364 1636 deperditi
1393 1587 1592 1631 adnotavit,
1623 1589 1721 1637 quod
1752 1599 1853 1624 nunc
1879 1589 2022 1637 egregie
2041 1589 2164 1626 verbis
2185 1587 2363 1627 ‘denatat
2389 1586 2522 1628 οὖσαι’

386 1657 524 1696 codicis
553 1658 862 1707 Cantabrigiensis
901 1658 1063 1696 fulcitur.
1119 1658 1171 1696 Ac
1209 1657 1335 1695 nescio
1373 1669 1419 1694 an
1450 1657 1505 1695 vel
1535 1657 1688 1696 traditus
1717 1657 1808 1695 ordo
1837 1657 2035 1696 verborum
2073 1659 2162 1696 satis
2201 1671 2291 1697 sane
2325 1660 2526 1698 inusitatus

384 1728 481 1778 apud
521 1728 724 1766 Varronem
763 1728 811 1765 ita
852 1729 1023 1778 explicari
1063 1728 1200 1777 possit,
1240 1734 1281 1765 ut
1318 1728 1484 1765 dicamus
1519 1728 1719 1766 Varronem
1760 1729 2025 1766 caecutientem
2063 1741 2108 1766 ex
2145 1730 2206 1766 illo
2245 1731 2348 1767 fonte
2387 1731 2526 1767 Graeco

384 1797 562 1835 caballino
592 1797 692 1836 labra
722 1798 915 1847 proluisse.
973 1798 1078 1842 Quod
1114 1797 1209 1842 dico,
1248 1798 1332 1846 quia
1363 1797 1500 1834 Keilius
1529 1796 1568 1834 in
1601 1798 1743 1834 minore
1773 1798 1933 1836 editione
1963 1800 2128 1848 ‘ungulas
2159 1807 2303 1837 teneras
2333 1800 2527 1837 comburat

384 1866 536 1906 stercus'
566 1867 665 1917 legit.
722 1868 914 1907 Praeterea
954 1881 998 1906 ex
1026 1868 1052 1905 C
1091 1868 1221 1917 colligo
1251 1866 1644 1917 ‘quinquemestribus‘
1675 1879 1750 1906 non
1779 1869 1982 1918 genuinum
2023 1882 2103 1908 esse
2142 1870 2206 1907 sed
2244 1870 2527 1908 ‘semestribus’:

385 1938 472 1977 illud
512 1938 742 1977 librariorum
779 1938 969 1977 socordiae
1007 1950 1184 1978 numeros
1223 1938 1466 1977 confundenti
1505 1924 1673 1977 debetur.
1733 1938 1930 1977 Columella
1967 1948 2090 1980 autem
2122 1946 2157 1979 et
2187 1941 2222 1978 in
2254 1941 2388 1979 ceteris
2418 1952 2524 1991 prae-

384 2009 520 2058 ceptis,
558 2009 655 2047 sicut
695 2009 843 2054 assolet,
882 2020 1012 2058 parum
1051 2014 1244 2047 accuratus
1282 2009 1352 2046 fuit
1390 2015 1426 2046 et
1463 2020 1531 2058 pro
1569 2010 1680 2047 certis
1718 2009 1951 2058 temporibus
1994 2012 2206 2048 constitutis
2251 2012 2450 2060 ‘paulatim'
2491 2018 2527 2047 et

384 2079 493 2117 ‘mox’
523 2080 644 2117 dicere
673 2080 813 2117 maluit.
871 2081 1093 2118 Laudandus
1127 2085 1248 2118 autem
1279 2086 1353 2124 est,
1395 2079 1494 2128 quod
1526 2080 1626 2117 solus
1656 2081 1856 2118 memoriae
1894 2082 2096 2126 mandavit,
2137 2094 2202 2120 cur
2235 2082 2374 2131 pullum
2416 2083 2525 2119 modo

384 2154 530 2197 partum
560 2149 688 2197 attingi
719 2149 820 2187 nefas
848 2150 908 2186 sit.

1419 2304 1487 2353 V.

382 2398 409 2442 0
442 2410 477 2448 p.
498 2398 534 2436 6.
592 2394 701 2436 Πότε
735 2393 1010 2447 δαμασθῆναι
1039 2394 1106 2434 δεῖ
1132 2394 1227 2441 τοὺς
1257 2398 1415 2441 ἵππους
1516 2398 1548 2435 Μ
1573 2398 1691 2436 1065.
1742 2395 1981 2437 ’Λνατολίου
2009 2397 2105 2447 περὶ
2135 2398 2205 2448 τῆς
2233 2398 2313 2436 τῶν
2343 2396 2495 2437 πώλων

791 2465 861 2504 καὶ
891 2466 999 2513 πῶςς
1878 2464 2124 2519 ἀνατροφῆς.

465 2560 538 2606 Εἷς
579 2559 627 2598 δὲ
668 2558 741 2610 τὴν
777 2556 1045 2610 χειροήθειαν
1083 2556 1279 2597 ἀνοικτέον
1319 2557 1414 2603 τοὺς
1563 2561 1689 2610 (supra
1720 2573 1755 2610 p.
1776 2560 1895 2610 8sqq.
1927 2560 2071 2598 initium
2102 2560 2270 2608 allatum)

383 2628 546 2676 πώλους
583 2629 654 2669 καὶ
682 2628 917 2680 δαμαστέον
944 2627 999 2680 μή
1029 2627 1247 2674 ἐλάττονας
1275 2629 1414 2679 μηνῶν
1602 2637 1612 2642 ’

383 2699 591 2758 δεκαεπτὰ
629 2698 652 2752 ἢ
685 2698 890 2739 δεκαοκτώ
920 2697 1313 2750 προχλοασθέντας*
1343 2697 1412 2737 καὶ
1484 2728 1806 2738 ...........

383 2771 728 2820 κεκαθαρμένους.
785 2771 1063 2826 καθαίρονται
1102 2768 1149 2807 δὲ
1177 2767 1414 2819 ἐρεβίνθοις
1483 2765 1814 2821 ὑποτριψάσαις.
1864 2770 2135 2820 καθαροῦμεν
2165 2768 2211 2808 δὲ
2239 2769 2335 2814 τούς
2365 2773 2524 2814 ἵππους

381 2840 449 2879 καὶ
481 2838 648 2892 ὀρόβοις
676 2840 750 2879 διὰ
768 2840 815 2878 τὸ
835 2838 998 2890 θερμὸν
1016 2839 1086 2891 τῆς
1106 2835 1280 2890 φύσεως.
1320 2844 1414 2883 ταῖς
1484 2838 1691 2891 ἐρεβίνθῳ
1721 2838 1791 2877 καὶ
1820 2836 1955 2892 ὄρόβῳ
1985 2836 2060 2878 διά
2078 2839 2153 2877 τοῦ
2173 2837 2291 2890 ἔαρος
2311 2838 2380 2877 καὶ
2401 2852 2522 2889 μετο-

383 2913 523 2962 μέντοι
560 2913 733 2962 τρίψεσι
769 2917 862 2956 ταῖς
899 2911 1202 2961 καθημεριναϊς
1229 2908 1299 2947 καὶ
1328 2915 1415 2953 τοῖς
1486 2907 1646 2961 πώρου,
1676 2909 1750 2948 διὰ
1777 2908 1824 2948 δὲ
1852 2910 1929 2948 τοῦ
1956 2910 2160 2960 χειμῶνος
2195 2909 2324 2963 κριθῇ
2355 2905 2524 2958 ὀρόβοις

1485 2982 1710 3032 μεμιγμένῃ
1739 2981 1981 3031 θρέψωμεν.
2023 2980 2120 3018 καθ’
2143 2976 2297 3029 ἡμέραν
2317 2978 2362 3017 δὲ
2384 2976 2524 3028 ὥσπερ

1486 3051 1556 3089 καὶ
1595 3048 1636 3090 οἳ
1676 3048 1901 3102 ἄνθρωποι
1940 3052 2132 3101 χαίρουσι
2171 3049 2351 3102 λουτρῷ,
2397 3046 2525 3094 οὕτως

2213 3113 2256 3147 2*
