2782 3269
1236 159 1493 198 -4-

284 275 386 312 sunt,
426 281 521 318 quae
560 269 767 307 accuratius
806 269 1081 313 examinentur,
1130 280 1205 306 non
1244 280 1319 318 quo
1358 269 1444 318 quid
1484 270 1594 319 plane
1632 269 1717 307 novi
1756 269 1924 313 afferant,
1964 270 2028 308 sed
2067 270 2165 319 quia·
2195 271 2446 310 demonstrari

284 347 408 390 potest
453 353 494 378 ea
541 346 684 388 septem
733 352 778 376 ex
823 340 955 376 eodem
1001 340 1104 377 fonte
1150 341 1279 377 hausta
1326 352 1424 385 esse,
1468 352 1512 377 ex
1556 351 1631 389 quo
1677 340 1911 391 Geoponica,
1946 339 2198 391 {Hippiatricffi
2244 342 2445 391 scriptores

287 410 446 448 Romani
485 422 550 448 sua
590 410 634 446 de
672 410 741 447 ista
780 420 820 447 re
858 415 1135 458 prompserunt.
1192 409 1236 446 Ni
1274 410 1391 453 fallor,
1430 409 1517 447 inde
1554 410 1663 448 etiam
1703 410 1893 455 discimus,
1933 421 2007 460 quo
2045 410 2192 449 vinculo
2230 422 2363 450 omnes
2391 411 2444 450 illi

285 482 383 518 inter
412 492 494 518 sese
524 479 711 517 coniuncti
751 485 787 516 et
825 479 952 528 quanti
981 479 1159 516 Varronis
1198 480 1244 516 de
1274 491 1312 516 re
1342 480 1479 517 rustica
1509 479 1593 517 libri
1625 480 1847 519 aestimandi
1876 480 1962 518 sint.
2023 481 2283 529 Fragmentum
2321 486 2445 520 autem

285 556 455 588 octavum
487 560 712 598 quamquam
743 548 817 585 iam
847 547 931 585 alibi
962 548 1140 586 traditum
1171 555 1239 593 est,
1278 560 1472 598 segregare
1501 550 1624 587 nolui:
1670 550 1769 587 unde
1799 549 1886 599 quid
1918 551 2087 589 utilitatis
2115 551 2312 595 redundet,
2351 551 2447 589 infra

289 619 441 657 videbis.
499 618 572 656 Ubi
617 619 886 655 anecdotorum
929 622 1127 655 contextus
1167 630 1185 654 a
1227 630 1284 656 me
1322 619 1551 656 constitutus
1585 619 1767 668 discrepat
1796 631 1815 657 a
1844 620 1991 664 codice,
2034 620 2232 660 lectionem
2270 620 2444 660 traditam

285 689 472 732 annotavi,
502 689 573 726 nisi
603 689 703 737 quod
735 693 911 726 accentus
941 687 1095 737 spiritus
1126 689 1216 726 tales
1246 700 1306 726 res
1336 689 1607 728 minutissimas
1636 689 1745 727 tacite
1775 690 1997 739 plerumque
2023 691 2178 729 correxi.
2219 692 2331 730 Voces
2352 703 2448 741 quae

289 760 373 797 alibi
404 770 480 797 non
511 759 581 808 legi
612 758 820 803 videantur,
851 758 1029 796 asterisco
1058 757 1246 806 insignivi,
1277 758 1375 797 locos
1405 759 1526 798 adhuc
1554 765 1750 810 corruptos
1779 771 1902 798 cruce.

1350 898 1390 944 Ῑ.

829 977 855 1021 G
885 991 920 1028 p.
946 975 978 1015 1.
1032 975 1194 1029 Ἀρετῆς
1234 981 1372 1018 ἵππου
1412 962 1650 1030 πρόγνωσις
1679 978 1723 1017 ἐκ
1752 977 1909 1019 πώλου.

464 1061 516 1102 Ἡ
550 1063 622 1102 τοῦ
653 1066 791 1102 ἵππου
819 1059 942 1115 ἀρετὴ
972 1061 1016 1102 ἐκ
1046 1061 1212 1116 πρω’της
1240 1061 1522 1116 ὑποφαίνεται
1558 1066 1629 1118 τῆς
1660 1063 1820 1118 ἡλικίας
1852 1090 1899 1095 -
1932 1066 2244 1118 παρατηρητέον
2273 1063 2347 1106 οὖν
2377 1066 2445 1105 καὶ

288 1134 688 1184 παρακολουθητέον
730 1131 859 1171 αὐτοῦ
900 1134 949 1187 τῇ
993 1130 1121 1183 φύσει
1166 1132 1284 1178 ὄντος
1327 1134 1386 1172 ἔτι
1432 1134 1574 1173 πώλου
1614 1158 1664 1162 -
1703 1133 1802 1175 ὅταν
1845 1134 2059 1186 σπουδάζῃ
2107 1136 2188 1173 τῶν
2229 1135 2446 1187 συννόμων

287 1204 439 1241 πώλων
477 1204 528 1240 τὰ
567 1205 713 1252 πρῶτα
750 1202 982 1253 φέρεσθαι·
1020 1201 1277 1252 ἁμιλλῶνται
1316 1204 1394 1253 γὰρ
1434 1205 1539 1253 πρὸς
1568 1203 1768 1255 ἀλλήλους
1796 1206 1866 1243 καὶ
1896 1206 2169 1254 διασκιρτῶσι
2200 1207 2265 1242 καὶ
2295 1205 2367 1243 ἐπὶ
2397 1206 2443 1244 τὸ

287 1269 398 1323 ὕδωρ
439 1274 715 1323 προτρέχουσι
755 1273 1108 1323 προεμβαίνοντες
1146 1272 1215 1311 καὶ
1255 1272 1310 1324 μὴ
1340 1270 1612 1324 ἀναμένοντες
1641 1274 1713 1321 τὰς
1742 1276 1918 1327 μητέρας
1947 1272 2029 1314 ὑπὸ
2061 1272 2219 1320 δειλίας
2247 1275 2319 1326 τῆς
2347 1276 2444 1326 περὶ

286 1339 331 1381 τὸ
364 1339 475 1394 ὕδωρ
505 1341 575 1380 καὶ
604 1342 675 1394 τῆς
705 1340 749 1381 ἐν
777 1339 890 1392 αὐτῷ’
916 1342 1049 1387 σκιᾶς.

470 1440 701 1487 Quibuscum
733 1440 841 1479 velim
872 1440 963 1479 haec
991 1452 1202 1495 compares:

468 1526 567 1567 Geop.
593 1526 681 1566 XVI,
707 1529 734 1565 1,
760 1527 788 1557 8.
839 1522 910 1559 Τὸν
934 1526 968 1559 δε
997 1526 1118 1558 πῶλον
1140 1522 1202 1558 τὸν
1224 1520 1395 1568 ἐσόμενον
1425 1522 1565 1568 ἀγαθὸν
1587 1523 1856 1569 διαγνωσόμιθα
1879 1525 1986 1563 οὕτως
2019 1525 2091 1560 ἀπὸ
2116 1527 2187 1560 τῶν
2210 1529 2367 1569 ψυχικῶν
2388 1529 2445 1562 καὶ

288 1582 497 1621 σωματικῶν
520 1579 666 1624 ἀρετῶν
691 1575 766 1611 οἷον
788 1578 860 1612 ἀπὸ
882 1580 947 1622 μὲν
970 1580 1031 1610 τοῦ
1056 1578 1215 1620 σώματος
1232 1583 1398 1618 (secuntur
1414 1590 1493 1622 qnae
1512 1579 1593 1611 infra
1612 1581 1649 1611 ad
1667 1579 1729 1621 ἴτε.
1743 1580 1762 1610 6
1779 1579 1878 1610 allata
1895 1582 1981 1616 sunt)
2000 1602 2007 1610 .
2025 1603 2032 1610 .
2051 1603 2057 1609 .
2076 1603 2084 1610 .
2101 1579 2134 1623 (ἦ
2151 1580 2201 1616 10)
2225 1576 2297 1610 ἀπὸ
2321 1578 2356 1611 δὲ
2378 1580 2447 1613 τῶν

289 1635 449 1675 ψυχικῶν
471 1631 561 1665 οὕτω
584 1629 818 1675 δοκιμάζεται,
848 1631 908 1666 ἐὰν
929 1631 977 1675 μὴ
1004 1629 1023 1677 ᾖ
1047 1633 1254 1674 ἐπτοημένος
1276 1633 1359 1675 μηδὲ
1384 1631 1452 1664 ὑπὸ
1475 1634 1544 1664 τῶν
1566 1633 1749 1675 αἰφνιδίως
1773 1634 1994 1675 φαινομένων
2017 1631 2324 1675 ἐκταραττόμενος,
2354 1632 2391 1666 ἔν
2413 1644 2447 1665 τε

287 1690 334 1728 τῷ
358 1687 612 1730 συναγελασμῷ
635 1688 703 1719 τῶν
724 1682 850 1719 πόλων
871 1682 1102 1730 φιλόπρωτυς,
1126 1684 1188 1718 οὐκ
1210 1689 1318 1725 εἴκων,
1343 1684 1414 1717 ἀλλ’
1438 1687 1578 1724 ἔξω-’ὦν
1600 1684 1661 1719 τὸν
1684 1688 1845 1727 πλησίον,
1868 1686 1906 1718 ἐν
1920 1686 1956 1718 δὲ
1972 1688 2042 1721 τοῖς
2056 1688 2225 1728 ποταμοῖς
2240 1688 2296 1718 καὶ
2311 1688 2445 1729 λίμναις

286 1739 347 1773 οὐκ
371 1740 554 1783 ἀναμένων
574 1740 694 1784 ἕτερον
716 1743 970 1784 προεμβαίνιιν,
994 1737 1097 1776 αὐτὸς
1120 1739 1158 1774 δὲ
1181 1738 1448 1781 ἀκαταπλήκτως
1471 1740 1570 1774 τοῦτο
1594 1742 1730 1784 πρῶτος
1753 1740 1875 1774 ποιῶν.

466 1807 488 1838 C
514 1818 541 1848 p.
560 1808 577 1839 7
606 1806 656 1846 (cf.
683 1806 767 1839 iufra
791 1806 851 1847 frg.
870 1808 890 1838 6
914 1808 952 1838 ad
977 1806 1091 1845 finem).
1139 1805 1196 1844 (sc.
1220 1806 1336 1840 ἵππον
1359 1805 1476 1848 φαμὲν
1499 1803 1652 1848 ἀγαθὸν)
1674 1802 1815 1839 ἑστάναι
1843 1802 1894 1846 μὴ
1928 1799 2156 1846 ἀνεχόμενον,
2190 1801 2273 1838 ἀλλὰ
2298 1802 2360 1845 τὴν
2381 1805 2446 1847 γῆν

285 1862 475 1903 κροτοῦντα
499 1863 555 1892 καὶ
578 1861 676 1892 θέειν
697 1859 947 1901 ἐπιθυμοῦντα,
980 1856 1094 1902 ψυχὴν
1116 1856 1377 1898 ἀκατάπληκτον
1399 1858 1534 1900 ἔχοντα,
1567 1857 1614 1894 αἷς
1636 1856 1786 1893 κτύπους
1809 1859 1877 1889 τῶν
1899 1858 2060 1898 ἐξαπίνης
2084 1854 2177 1902 ζῴων
2196 1858 2446 1901 ἐπιγινομένων

287 1913 433 1953 ἦτινων
466 1911 578 1946 ἄλλων
611 1910 733 1952 ἀήθων
755 1912 942 1955 θεαμάτων
962 1909 1010 1955 μὴ
1038 1907 1324 1955 ἐκταράττεσθαι,
1358 1912 1518 1955 ἔμφρονα
1552 1912 1587 1943 δὲ
1622 1913 1680 1943 καὶ
1713 1905 1822 1957 τόλμῃ
1857 1908 2058 1950 ὑπείκοντα,
2094 1907 2335 1955 φιλόπρωτον,
2368 1921 2446 1945 συν·

287 1963 511 2009 εξεριστικόν,
535 1965 716 2009 ποταμοὺς
737 1967 795 1999 καὶ
816 1963 969 2010 τάφρους
992 1963 1172 2002 εὐσκόπως
1197 1960 1429 2008 διερχόμενον.

467 2034 573 2065 Varro
598 2032 624 2064 11
643 2033 671 2069 7,
690 2034 708 2063 6
731 2032 779 2063 ed.
798 2032 899 2064 maior
917 2030 1026 2062 Keilii.
1060 2032 1140 2072 Equi
1167 2032 1239 2062 boni
1264 2031 1366 2062 futuri
1391 2032 1493 2069 signa,
1517 2032 1545 2062 ai
1570 2041 1639 2062 enm
1664 2031 1847 2070 gregalibus
1871 2030 1902 2060 ia
1921 2029 2036 2071 pabulo
2055 2030 2219 2062 contendit
2235 2031 2267 2061 in
2284 2032 2443 2062 currendo

285 2089 398 2120 aliave
424 2098 484 2129 qua
511 2097 556 2124 re,
582 2096 642 2126 quo
667 2086 775 2126 potior
798 2085 859 2124 ait3
881 2086 922 2124 si,
946 2095 1015 2117 cum
1041 2087 1152 2118 flumen
1179 2086 1410 2118 travehundum
1435 2091 1484 2116 est
1507 2086 1610 2126 gregi,
1634 2086 1666 2117 in
1693 2085 1804 2125 primia
1821 2085 2028 2125 progreditur
2044 2093 2081 2116 ao
2098 2094 2158 2116 uon
2176 2087 2338 2125 respectat
2352 2085 2446 2116 alioa.

469 2151 566 2191 Verg.
594 2149 712 2190 Georg.
737 2148 845 2182 11175.
970 2149 1126 2180 Continuo
1150 2149 1276 2191 pecoris
1299 2150 1451 2188 generosi
1475 2150 1582 2192 pullus
1607 2150 1639 2181 iu
1663 2148 1752 2180 arvia

971 2204 1078 2234 Altius
1102 2203 1284 2242 ingreditur
1308 2208 1341 2234 et
1364 2204 1473 2234 mollia
1498 2214 1592 2235 crura
1618 2203 1754 2244 reponit.

967 2256 1091 2288 Primus
1116 2261 1148 2288 et
1172 2257 1220 2288 ire
1244 2257 1328 2288 viam
1353 2262 1386 2289 et
1409 2258 1525 2289 fluvios
1551 2262 1677 2289 tentare
1701 2256 1842 2288 minaces

971 2312 1076 2342 Audet
1099 2315 1132 2341 et
1156 2312 1267 2349 ignoto
1292 2320 1364 2342 sese
1388 2312 1589 2342 eon-ittera
1612 2313 1702 2351 ponti

968 2363 1036 2399 Nec
1061 2374 1162 2395 vanos
1185 2365 1299 2398 horret
1321 2365 1487 2406 strepitus.

468 2430 646 2460 Columella
672 2428 714 2462 VI
739 2429 836 2468 29,1.
884 2428 960 2464 Cum
985 2432 1078 2460 uatus
1104 2433 1153 2460 est
1177 2429 1293 2469 pullus,
1317 2428 1486 2461 confestim
1509 2429 1588 2462 lieet
1612 2430 1751 2463 indolem
1776 2430 1964 2467 aestimare,
1993 2429 2022 2460 ei
2045 2427 2173 2469 hilaris,
2203 2428 2230 2459 si
2255 2427 2446 2470 intrepidus,

285 2486 312 2514 si
340 2493 440 2523 neque
465 2488 638 2522 conspeetu
665 2492 828 2523 novaeque
853 2483 902 2512 rei
926 2483 1037 2512 auditu
1060 2487 1217 2520 terretur,
1242 2483 1270 2512 si
1294 2488 1368 2513 ante
1392 2492 1517 2521 gregem
1543 2484 1717 2523 procurrit,
1744 2483 1773 2513 si
1798 2483 1935 2515 lascivia
1961 2487 1993 2512 et
2016 2481 2199 2519 alacritate,
2233 2481 2389 2512 interdum
2414 2486 2446 2511 et

285 2549 380 2569 cursu
405 2542 533 2569 certans
557 2537 706 2578 aequales
731 2541 893 2578 exuperat,
919 2537 948 2568 si
973 2536 1092 2568 fossam
1117 2537 1187 2567 aine
1211 2536 1415 2567 cunctatione
1438 2538 1595 2576 transilit,
1619 2542 1743 2578 pontem
1769 2538 1944 2577 flumenque
1968 2535 2181 2566 transcendit.

467 2630 571 2668 Inter
610 2642 650 2667 se
691 2630 923 2668 conveniunt
961 2638 1133 2668 auctores
1163 2631 1222 2674 ita,
1262 2637 1303 2668 ut
1332 2630 1628 2680 uniuscuiusque
1658 2631 1840 2680 quaedam
1872 2629 2021 2681 propria
2052 2629 2141 2670 sint.
2198 2628 2304 2673 Quod
2333 2628 2443 2668 etiam

283 2703 326 2739 de
346 2700 507 2749 Vergilio
539 2700 751 2744 dicendum,
783 2700 847 2750 qni
877 2711 999 2749 neque
1029 2700 1088 2737 hic
1118 2710 1240 2754 neque
1269 2699 1355 2739 alibi
1385 2699 1421 2737 in
1444 2701 1551 2739 tertio
1572 2700 1837 2750 Georgicorum
1868 2699 1961 2739 libro
1983 2698 2157 2739 Varronis
2186 2698 2443 2739 auctoritatem

283 2772 477 2822 amplexus
518 2778 575 2807 est
611 2792 662 2797 —
699 2772 799 2822 quod
841 2771 1153 2809 Reitzensteinius
1198 2770 1243 2807 de
1282 2772 1408 2822 script.
1439 2783 1468 2809 r.
1501 2783 1526 2808 r.
1561 2770 1620 2810 lib.
1653 2772 1734 2820 dep.
1766 2770 1817 2807 20
1856 2770 2050 2809 contendit
2088 2790 2139 2796 —
2177 2769 2241 2807 sed
2282 2770 2443 2807 eundem

282 2850 393 2892 atque
424 2842 606 2879 Reatinus
636 2842 724 2880 adiit
754 2842 989 2893 scriptorem,
1021 2842 1069 2879 cf.
1099 2841 1195 2880 infra
1227 2853 1260 2891 p.
1283 2840 1344 2878 20.
1403 2841 1509 2880 Unde
1541 2852 1674 2879 omnes
1702 2840 1907 2882 hauserint,
1946 2840 1976 2877 si
2008 2840 2292 2888 interrogamus,
2330 2851 2442 2894 repu-

284 2914 442 2951 tandum
474 2919 530 2949 est
559 2913 702 2949 fontem
734 2913 901 2949 Varrone
929 2913 1179 2961 antiquiorem
1211 2924 1293 2949 esse
1324 2912 1471 2949 debere.
1517 2913 1702 2956 Quoniam
1734 2917 1860 2949 autem
1892 2910 2191 2961 Geoponicorum
2223 2910 2331 2949 verba
2362 2918 2445 2961 post

284 2980 375 3020 οἷον
404 2979 489 3019 ἀπὸ
530 2980 606 3031 μὲν
634 2982 707 3020 τοῦ
746 2980 935 3033 σώματος
969 2983 1108 3031 posita,
1147 2994 1242 3032 quae
1280 2986 1369 3019 sunt
1407 2982 1452 3018 de
1493 2983 1579 3031 equi
1609 2982 1747 3024 forma,
1791 2992 1876 3018 cum
1912 2980 2032 3019 allatis
2067 2980 2251 3018 artissime
2286 2981 2445 3022 coniun-

281 3059 433 3101 guntur,
477 3052 635 3089 eandem
683 3053 890 3090 doctrinam
928 3053 987 3090 hic
1019 3052 1176 3089 inveniri
1212 3057 1384 3101 apparet,
1426 3052 1469 3090 cf.
1510 3053 1578 3102 frg.
1607 3053 1641 3089 6.
1700 3050 1833 3088 Nescio
1868 3061 1952 3088 vero
1984 3062 2029 3088 an
2060 3050 2085 3087 C
2123 3050 2228 3088 initio
2262 3051 2443 3089 nonnulla

282 3124 530 3172 praeterierit,
577 3134 671 3170 quae
712 3123 770 3160 alii
813 3130 927 3160 testes
973 3123 1187 3171 praebeant,
1234 3123 1453 3170 praesertim
1498 3135 1581 3160 cum
1623 3122 1808 3162 sententia
1846 3144 1885 3147 —
1919 3133 2031 3169 quam
2063 3120 2275 3170 parenthesi
2305 3127 2442 3159 statuta
