2782 3269
1267 73 1545 118 *24—

330 195 365 228 et
411 195 579 240 pastores
619 199 800 239 equorum
846 194 1082 227 numeratum
1127 201 1208 226 esse
1252 189 1420 236 legimus.
1478 190 1585 235 Quod
1618 201 1703 227 vero
1741 190 1908 227 excusari
1949 190 2185 240 intellegique
2213 195 2353 240 potest,
2395 199 2479 228 cum

330 262 540 298 Anatolium
573 267 705 310 quarto
736 260 813 296 sere
842 265 926 307 post
945 260 1131 296 Clu-istum
1154 260 1300 295 saeculo
1322 260 1490 296 floruisse
1511 265 1739 308 reputemus,
1770 272 1843 309 quo
1866 267 2033 309 tempore
2055 261 2231 298 Platonici
2254 261 2480 297 recentiores

330 332 557 380 amplissima
588 336 693 367 erant
719 329 948 366 auctoritate.
995 329 1085 365 Nolo
1110 335 1233 365 autem
1265 328 1324 366 hic
1353 336 1533 377 repetere,
1562 330 1659 378 quod
1691 331 1735 366 de
1765 342 1921 379 persona
1948 331 2105 369 Anatolii
2136 331 2205 368 Rh.
2226 331 2270 368 Μ.
2292 331 2356 375 45,
2377 329 2475 375 98,1

328 402 498 452 exposui:
534 412 621 438 sane
647 400 691 436 ab
718 412 761 436 eo
788 399 970 442 Anatolio,
999 399 1041 436 ad
1070 410 1182 447 quem
1214 399 1435 447 Porphyrius
1464 411 1528 437 sua
1552 397 1753 449 Ὁμηρικὰ
1781 397 1988 450 ζητήματα
2018 402 2128 444 misit,
2159 401 2325 439 diversus
2354 407 2419 439 est.

510 470 693 515 Quoniam
738 469 783 506 de
827 468 1055 517 fragmento,
1099 469 1198 518 quod
1228 475 1418 518 superest,
1458 469 1749 518 Cantabrigiensi
1781 476 1910 508 octavo
1940 471 2176 521 singulariter
2205 483 2263 509 res
2292 483 2330 509 se
2362 471 2479 514 habet,

329 552 428 578 nunc
456 540 580 590 paucis
610 539 924 588 comprehendere
954 538 1053 583 libet,
1083 550 1178 587 quae.
1208 539 1327 576 adhuc
1355 539 1484 576 lucrati
1512 539 1630 576 simus
1661 540 1705 576 ad
1735 540 1893 585 fontem,
1924 541 2022 578 unde
2054 541 2246 578 hauserint
2266 541 2478 590 Geoponica

329 611 549 659 llippiatrica
571 610 769 658 scriptores
792 610 960 653 Romani,
993 610 1125 646 melius
1146 622 1256 658 quam
1279 610 1398 647 adhuc
1420 610 1520 647 licuit
1540 611 1575 646 in
1599 611 1811 648 universum
1833 611 2080 660 detegendum
2101 617 2212 661 atque
2232 613 2479 661 purgandum.

329 681 374 717 Et
402 680 743 717 demonstravimus
772 679 978 728 fragmenta
1001 679 1324 727 Cantabrigiensia,
1355 691 1448 728 quae
1478 680 1597 717 adhuc
1627 680 1733 717 nobis
1763 688 2018 726 occurrerunt,
2048 682 2091 718 ad
2112 682 2323 719 Anatolium
2345 682 2479 720 redire.

327 752 502 788 Eiusdem
542 751 826 788 celeberrimum
868 756 904 786 et
940 750 1211 798 amplissimum
1252 762 1347 798 opus
1378 751 1674 799 Geoponicorum
1715 752 2002 788 fundamentum
2043 764 2123 789 esse
2150 753 2298 790 aliunde
2328 753 2478 790 scimus.

328 822 454 869 ltaque
494 821 572 858 fieri
615 821 758 868 potuit,
803 826 844 856 ut
882 819 1102 867 fragmentis
1141 820 1245 856 novis
1286 832 1359 857 non
1396 832 1532 868 paucos
1562 821 1859 869 Geoponicorum
1890 822 1991 858 locos
2021 823 2075 858 vel
2106 823 2215 870 plane
2246 823 2395 859 eosdem
2426 823 2480 859 vel

327 891 537 928 simillimos
568 902 756 940 apponere
787 890 923 927 liceret.
983 890 1097 926 Porro
1130 890 1286 927 vidimus
1318 891 1502 934 Anatolio,
1545 890 1606 927 ubi
1645 902 1729 928 curn
1760 891 2002 940 scriptoribus
2033 892 2209 928 Romanis
2239 892 2479 935 consentiret,

328 962 440 997 libros
463 961 576 997 Cassii
599 960 763 1008 Dionysii
794 972 812 996 a
838 960 1025 1007 Diophane
1055 960 1090 995 in
1122 960 1322 1007 epitomam
1354 961 1524 998 redactos
1544 962 1708 998 subesse.
1751 961 1856 998 Nunc
1876 973 1961 998 vero
1982 973 2001 998 a
2023 961 2245 1010 Geopouicis
2265 961 2480 1010 saepissime

329 1032 536 1079 Diophanea
558 1038 701 1067 servata
724 1042 803 1066 esse
826 1030 984 1067 testibus
1008 1030 1167 1066 Varrone
1188 1031 1386 1066 Columella
1412 1032 1569 1067 l‘alladio
1591 1032 1738 1079 probari
1762 1037 1901 1080 potest:
1933 1044 2018 1079 ergo
2040 1044 2079 1068 ea
2101 1032 2223 1068 omnia
2245 1033 2288 1068 ab
2309 1032 2479 1069 Anatolio

327 1101 500 1138 Cassiano
530 1100 643 1137 Basso
673 1100 907 1148 suppeditata
939 1112 1022 1136 esse
1051 1100 1274 1147 colligemus.
1329 1100 1467 1137 Tamen
1499 1107 1636 1138 restare
1667 1101 1914 1145 difficultates,
1944 1102 1973 1138 si
2003 1102 2142 1149 singula
2174 1101 2479 1147 examinabimus,

327 1171 528 1218 intelleges,
559 1170 587 1208 si
609 1170 724 1219 Geop.
746 1169 822 1207 XVl
844 1171 859 1207 1
886 1170 968 1219 plus
990 1171 1102 1207 semel
1131 1182 1241 1219 supra
1263 1172 1413 1208 allatum
1438 1182 1581 1208 mecum
1606 1177 1724 1209 totum
1746 1184 1789 1209 eo
1812 1172 1963 1209 consilio
1983 1172 2230 1221 percensebis.
2260 1178 2302 1209 ut
2321 1183 2415 1222 quae
2436 1183 2480 1209 ex

327 1241 496 1278 Anatolio
531 1247 680 1289 sumpta
716 1241 803 1282 sint,
845 1246 998 1277 statuas.
1056 1240 1207 1277 Constat
1236 1247 1358 1278 autem
1389 1247 1498 1289 caput
1525 1253 1566 1277 ex
1595 1241 1848 1290 septendecim
1878 1241 2128 1291 paragraphis,
2168 1253 2260 1291 quae
2288 1247 2480 1286 vocantur,

327 1323 482 1360 quarum
513 1314 559 1357 §§
579 1311 615 1354 3,
645 1312 682 1353 5,
714 1312 748 1354 6,
781 1311 925 1355 8-10,
961 1312 1000 1347 11
1036 1311 1161 1358 (init.),
1202 1312 1234 1347 id
1276 1318 1331 1348 est
1368 1313 1444 1348 fere
1484 1313 1670 1348 dimidiam
1710 1313 1838 1360 capitis
1869 1318 2009 1360 partem
2051 1324 2094 1348 ex
2124 1313 2291 1349 Anatolio
2331 1313 2479 1349 fluxisse

326 1394 437 1432 supra
469 1382 716 1419 ostendimus.
758 1381 860 1426 Quae
891 1386 1034 1419 restant
1062 1383 1107 1428 ἐξ
1132 1382 1165 1426 1,
1187 1382 1222 1424 2,
1254 1382 1289 1425 4,
1321 1383 1354 1424 7.
1380 1384 1418 1419 11
1437 1383 1468 1426 b,
1496 1381 1541 1419 12
1573 1388 1716 1432 praeter
1744 1384 1766 1428 ξ
1790 1382 1836 1419 17
1868 1385 1914 1420 ita
1945 1389 2178 1431 comparatae
2207 1388 2304 1427 sunt,
2335 1388 2375 1420 ut
2402 1388 2480 1420 arte

327 1465 410 1490 cum
443 1452 671 1489 Anatolianis
700 1453 942 1496 cohaereant;
971 1452 1101 1488 deinde
1132 1464 1216 1488 cum
1247 1452 1405 1488 Romani
1436 1453 1633 1501 scriptores
1663 1465 1746 1489 cum
1778 1453 1821 1489 iis
1851 1453 2095 1497 consentiant,
2126 1453 2168 1489 ad
2199 1453 2362 1490 Cassium
2394 1452 2478 1489 Dio-

326 1524 472 1571 nysium
518 1522 753 1560 referendam
800 1534 881 1559 esse
924 1522 1131 1559 doctrinam
1177 1522 1372 1570 colligitur.
1439 1524 1610 1560 Attamen
1651 1523 1680 1559 si
1721 1522 1805 1571 quis
1844 1534 1905 1559 eas
1948 1534 2080 1560 omnes
2115 1522 2286 1560 Anatolio
2328 1523 2479 1565 tribuet,

326 1593 491 1629 falsusne
534 1591 630 1629 erit?
687 1592 833 1628 Etenim
879 1604 974 1640 quae
1022 1592 1177 1628 12-16
1225 1593 1269 1628 de
1314 1599 1432 1629 aetate
1477 1605 1495 1629 e
1541 1592 1713 1629 dentibus
1757 1593 2010 1639 cognoscenda
2054 1593 2239 1640 leguntur,
2283 1598 2477 1641 propterea

327 1673 402 1699 non
433 1662 591 1699 Anatolii
622 1673 702 1699 esse
733 1674 843 1711 posse
872 1662 1053 1703 videntur,
1097 1662 1195 1710 quod
1235 1662 1263 1699 is
1307 1669 1414 1710 negat
1451 1675 1469 1699 e
1505 1662 1679 1699 dentibus
1709 1662 1905 1711 quicquam
1951 1663 2125 1711 perspici;
2167 1663 2213 1700 cf.
2243 1674 2353 1711 supra
2383 1674 2415 1711 p.
2440 1663 2477 1700 7.

327 1735 348 1777 ξ
376 1733 391 1768 1
426 1738 551 1769 autem
582 1733 627 1768 de
657 1738 774 1769 aetate
804 1739 840 1769 et
870 1732 988 1769 forma
1019 1744 1198 1780 equarum
1231 1739 1423 1781 praecepta
1454 1732 1692 1780 refragantur
1722 1733 1918 1769 manifesto
1950 1732 2192 1776 Anatolianis,
2234 1745 2327 1781 quae
2366 1744 2476 1781 supra

326 1815 360 1852 p.
389 1803 484 1851 5sq.
523 1802 719 1839 edidimus.
775 1804 822 1847 ἕξ
849 1801 892 1845 2,
923 1802 964 1845 4,
995 1802 1034 1846 7,
1078 1802 1198 1850 agitur
1242 1803 1285 1839 de
1327 1802 1554 1839 admissariis
1591 1802 1654 1850 (de
1690 1814 1818 1839 eorum
1856 1802 1993 1847 forma,
2032 1814 2143 1850 quam
2180 1814 2289 1852 saepe
2318 1815 2381 1840 eos
2411 1803 2477 1840 ad·

328 1873 473 1909 mittere
526 1878 711 1920 oporteat,
760 1873 949 1920 quomodo
1001 1872 1241 1917 incitenturl:
1301 1883 1393 1921 quas
1447 1884 1671 1921 quamquam
1721 1872 1864 1920 egregie
1914 1868 1955 1909 ad
2010 1883 2087 1909 rem
2130 1872 2271 1909 faciunt
2314 1885 2331 1909 a
2376 1873 2476 1910 nullo

325 1942 553 1991 suppeditari
584 1942 747 1991 potuisse
778 1943 849 1980 nisi
879 1943 924 1980 ab
946 1944 1114 1980 Anatolio
1146 1943 1301 1992 probare
1333 1954 1408 1980 non
1439 1954 1606 1991 possum.
1646 1942 1747 1979 Idem
1771 1943 1815 1979 de
1837 1945 1859 1989 ξ
1879 1943 1958 1979 11b
1980 1943 2177 1980 dicendum
2201 1949 2256 1981 est
2278 1943 2338 1989 (de
2359 1943 2475 1980 frenis

327 2013 627 2062 suspendendis).
685 2013 754 2050 Sed
786 2024 874 2049 num
908 2013 1094 2062 probabile
1124 2020 1180 2051 est
1211 2012 1419 2062 Diophauea
1451 2024 1490 2049 ea
1523 2013 1661 2055 omnia,
1691 2024 1784 2061 quae
1812 2013 1909 2062 apud
1940 2013 2178 2051 Columellam
2211 2019 2246 2050 et
2273 2013 2475 2051 Varronem

326 2085 503 2132 leguntur
531 2084 744 2128 coniuncta,
775 2090 971 2132 postquam
1003 2084 1040 2120 in
1071 2084 1280 2132 Geoponica
1312 2096 1377 2132 per
1407 2083 1524 2120 varios
1555 2083 1704 2130 quidem
1735 2084 1996 2131 compilatores
2027 2091 2219 2128 venerunt,
2251 2096 2269 2121 a
2300 2084 2475 2121 Cassiano

324 2156 437 2192 Basso
483 2166 610 2191 rursus
655 2155 692 2190 in
738 2155 926 2202 integrum
969 2155 1142 2191 restituta
1184 2167 1262 2191 esse
1306 2160 1435 2201 suopte
1479 2154 1626 2200 ingenio
1669 2160 1705 2190 et
1751 2152 1855 2190 arte?
1912 2155 2100 2191 Confiteor
2137 2166 2222 2190 vero
2268 2167 2326 2191 me
2365 2166 2475 2191 unam

323 2225 446 2262 videre
485 2225 599 2269 viam,
639 2236 749 2273 quam
786 2225 976 2271 ingressus
1015 2224 1124 2262 etiam
1166 2224 1255 2269 §251
1288 2230 1324 2261 et
1357 2223 1511 2260 12—16
1542 2224 1710 2260 Anatolio
1748 2224 1915 2272 quamvis
1955 2224 1987 2261 ei
2028 2224 2252 2273 improbatas
2291 2224 2476 2262 ascribere

323 2296 458 2345 possis:
488 2300 637 2333 constat
667 2295 767 2332 enim
790 2316 841 2321 —
861 2295 958 2344 quod
986 2295 1135 2344 saepius
1168 2294 1295 2331 monui
1327 2315 1369 2319 —
1389 2293 1433 2330 ab
1464 2304 1505 2329 eo
1536 2293 1687 2330 homine
1716 2293 1984 2331 diversissimas
2014 2300 2048 2331 et
2078 2294 2176 2332 inter
2203 2306 2242 2331 se
2271 2295 2475 2332 contrarias

320 2366 525 2404 sententias
546 2366 820 2402 consarcinatas
843 2378 934 2403 esse.
968 2366 1097 2403 Restat
1113 2377 1197 2403 vero
1217 2367 1239 2410 ξ
1260 2364 1318 2409 17,
1341 2375 1435 2413 quae
1456 2375 1529 2400 non
1552 2363 1594 2400 ad
1619 2375 1698 2400 rem
1720 2364 1824 2402 facit:
1845 2366 1978 2408 ἵππος
1998 2363 2044 2402 δὲ
2066 2364 2253 2403 καθόλου
2274 2362 2322 2402 οὗ
2343 2358 2474 2410 νοσεῖ,

320 2434 394 2474 ἐὰν
422 2434 582 2486 ἐλάφου
612 2437 731 2485 κέρας
760 2432 891 2487 τούτῳ
922 2434 1148 2488 περιάψῃς.
1210 2435 1381 2472 Redeunt
1411 2434 1509 2471 enim
1541 2434 1647 2471 verba
1684 2434 1790 2483 paulo
1822 2440 1907 2484 post
1941 2434 2044 2473 aliter
2069 2436 2270 2473 constituta
2298 2435 2374 2473 XVI
2396 2436 2430 2478 3,
2450 2435 2475 2473 6

320 2505 414 2544 οὔτε
444 2505 489 2543 δὲ
517 2505 612 2555 βόες
642 2504 735 2543 οὔτε
767 2509 896 2544 ἵπποι
928 2506 1024 2550 κτλ.,
1053 2520 1128 2556 quo
1151 2507 1230 2543 loco
1252 2518 1292 2542 ea
1312 2505 1473 2553 genuina
1494 2517 1586 2548 esse,
1615 2516 1698 2541 cum
1723 2506 1901 2554 ampliora
1930 2512 1965 2542 et
1991 2506 2099 2555 capiti
2130 2506 2226 2557 περὶ
2257 2504 2475 2556 διαφόρων

321 2576 567 2627 νοσημάτων
596 2578 775 2626 inscripto
805 2578 936 2615 idonea
966 2578 1058 2621 sint,
1104 2589 1177 2615 non
1208 2576 1356 2613 diflicile
1386 2575 1576 2612 intellectu
1604 2574 1714 2623 est1).
1770 2575 1904 2612 Iniuria
1945 2582 2069 2613 autem
2109 2577 2265 2626 repetita
2303 2583 2393 2614 sunt
2430 2577 2473 2613 ad

321 2650 432 2685 tinem
466 2648 543 2686 xvl
568 2649 583 2684 1
617 2648 662 2685 ab
691 2661 734 2685 eo
764 2649 900 2686 stolido
929 2649 1093 2693 homine,
1125 2649 1185 2697 qui
1217 2648 1362 2685 saeculo
1393 2645 1537 2683 decimo
1566 2657 1599 2695 p.
1621 2645 1705 2683 Chr.
1728 2657 1763 2683 n.
1793 2647 2003 2696 Geoponica
2034 2647 2245 2685 retractavit
2275 2652 2310 2685 et
2340 2647 2474 2685 lemma

320 2719 596 2767 ineptissimum
626 2715 830 2769 Ἀψύρτου
860 2719 902 2756 ad
935 2719 1041 2756 xi'li
1080 2718 1257 2768 appinxit,
1288 2716 1386 2766 quod
1417 2715 1530 2753 furcis
1562 2716 1669 2752 velim
1701 2716 1871 2765 expellas.

504 2790 576 2826 Sed
608 2790 778 2838 quisquis
808 2790 888 2835 suit,
920 2792 981 2840 qui
1013 2791 1138 2840 copias
1169 2789 1285 2826 Cassii
1308 2788 1467 2835 Dionysii
1499 2787 1584 2823 olim
1608 2787 1783 2824 Cassiano
1806 2788 1917 2825 Basso
1948 2789 2130 2837 praebuit.
2158 2795 2284 2826 nostra
2318 2789 2474 2826 maxime

320 2860 477 2898 interest
511 2860 803 2909 pretiosissimas
840 2860 1036 2909 singularis
1072 2860 1169 2897 illius
1204 2858 1328 2907 operis
1367 2857 1553 2905 relliquias
1596 2869 1704 2905 quam
1745 2858 1823 2894 lieri
1864 2865 1987 2907 potest
2025 2859 2201 2908 plurimas
2241 2871 2471 2908 recuperare.

502 3024 527 3063 ¹)
551 3024 638 3064 Quae
663 3034 731 3055 cum
756 3024 903 3064 legantur
927 3022 958 3054 in
983 3023 1129 3055 Africani
1153 3023 1260 3054 Gestis
1295 3032 1362 3063 cap.
1380 3023 1420 3054 43
1445 3022 1681 3060 (Mathematici
1706 3028 1836 3054 veteres
1871 3024 1919 3054 ed.
1945 3022 2111 3055 Tbeveuot
2146 3034 2174 3064 p.
2192 3024 2292 3061 303⁸,
2308 3024 2375 3064 30),
2411 3034 2472 3054 non

318 3078 445 3110 dubium
471 3084 532 3120 est,
555 3079 628 3120 quin
655 3080 751 3110 etiam
775 3088 811 3110 οι
836 3078 1026 3119 compilator
1050 3077 1304 3118 Geoponieorum
1330 3078 1445 3108 debeat
1474 3077 1634 3115 Anatolio,
1658 3087 1746 3117 quem
1773 3076 1916 3109 Africani
1942 3088 2022 3118 opus
2045 3078 2274 3119 compilavisse
2299 3079 2426 3109 seimus.
