2782 3269
214 1834 245 1870 p.
266 1822 287 1857 7

219 2613 253 2648 p.
274 2600 296 2637 8

331 1828 348 1857 5

315 2182 352 2211 10

310 2536 347 2566 15

1342 113 1619 150 —12—

405 217 595 270 λουτροῖς
607 217 681 269 οὐχ
692 214 812 272 ἧττον
823 218 1065 271 ἀνθρώπων
1074 220 1291 273 χαίρουσιν
1303 225 1445 262 ἵπποι.
1518 222 1588 260 καὶ
1618 219 1640 260 ὁ
1671 225 1807 267 ἵππος
1835 217 2061 272 ποταμίοις
2080 219 2205 261 ὕδασι
2225 221 2295 260 καὶ
2315 217 2388 260 ἐπὶ
2407 219 2556 260 πλεῖον

1515 291 1749 342 θαλάσσης.
1784 291 1832 330 τὸ
1851 291 1933 342 γὰρ
1946 289 2178 331 θαλάττιον
2192 291 2322 330 πλέον
2337 289 2490 341 ὢφελετ
2503 291 2555 328 τὰ

404 357 583 410 εὔτριχοι
606 358 651 398 δὲ
671 361 859 407 γίνονται
881 360 954 406 τὰς
972 362 1118 409 χαίτας
1138 359 1208 401 καὶ
1226 361 1300 408 τὰς
1320 359 1444 413 οὐρὰς
1514 360 1687 413 σώματα
1711 358 1857 401 αὐτῶν.
1903 359 2089 414 εὔτριχας
2108 360 2155 401 δὲ
2173 361 2247 407 τὰς
2265 362 2410 410 χαίτας
2431 358 2554 412 ποιή-

404 429 600 482 οἷνελαίῳ
631 428 966 481 ε’πιβρεχόμενοι.
1514 442 1600 478 σεις
1626 431 1790 478 καὶτὰς
1809 428 1934 483 οὐρὰς
1953 433 2053 485 οἴνῳ
2082 430 2186 484 μετὰ
2212 429 2354 471 ἐλαίου
2382 432 2553 482 βρέχων.

1593 503 1635 541 In
1664 503 1790 541 codiee
1817 503 1936 553 prima
1964 503 2148 541 sententia
2176 502 2446 553 καθαροῦμεν
2471 499 2552 540 κτλ.

488 581 505 611 2
528 583 604 616 ταῖς
621 582 763 623 χαίταις
1512 573 1554 610 ad
1584 573 1696 611 finem
1726 572 1845 623 posita
1875 579 1943 611 est.

581 680 681 720 Geop.
705 679 782 710 XVI
800 679 827 718 1,
848 680 882 710 11
914 679 961 712 εἰς
992 677 1027 709 δὲ
1053 673 1282 719 χειροήθειαν
1308 677 1431 711 ἀκτέον
1458 678 1538 715 τοὺς
1565 678 1702 715 πώλους
1732 677 1979 722 πληρώσαντας
2007 678 2085 715 τοὺς
2117 679 2139 711 ι’
2162 682 2220 712 καὶ
2241 679 2271 721 η’
2294 680 2416 722 μῆνας.
2462 680 2551 721 Quod

401 733 554 773 temporis
579 733 715 774 spatium
740 733 799 764 alii
824 733 1000 774 scriptores
1026 742 1085 763 non
1110 734 1192 764 satis
1216 733 1343 772 longum
1367 742 1437 764 esse
1463 738 1589 774 putant:
1615 734 1719 766 Varro
1740 733 1868 772 117,13
1891 735 1977 766 ‘sunt
1999 734 2052 775 qui
2075 733 2184 765 dicant
2206 737 2279 776 post
2301 744 2414 766 annum
2438 739 2471 766 et
2494 744 2551 766 sex

400 796 523 818 menses
547 788 672 818 eculum
695 788 820 819 domari
845 797 950 829 posse,
974 787 1029 818 scd
1054 787 1171 817 melius
1195 792 1266 828 post
1289 786 1438 819 trimum'.
1478 787 1579 819 Panlo
1596 788 1694 820 aliter
1711 788 1767 820 Col
1782 788 1824 829 .6‚
1836 788 1888 828 29,
1902 789 1922 819 4
1939 790 2048 829 ‘equus
2064 787 2167 820 bimus
2183 788 2222 819 nd
2240 798 2328 820 nsum
2345 789 2552 821 domesticum

400 846 488 873 recte
524 842 682 880 domatur,
716 842 946 873 certaminibus
981 846 1086 872 nutem
1121 841 1251 882 expleto
1285 840 1449 873 triennio'.
1495 842 1570 873 Cum
1601 852 1660 883 qno
1690 843 1852 874 consentit
1875 843 2036 884 Apsyrtus
2060 841 2167 874 G263
2191 840 2284 881 διετῆ
2307 840 2471 884 γεγονότα
2493 840 2554 874 τὸν

399 895 517 927 πῶλον
537 897 576 928 ἐκ
598 895 656 934 τῆς
678 892 804 936 ἀγέλης
826 893 963 927 ἕλκουσι
986 896 1043 926 καὶ
1065 891 1288 937 δαμάζουσιν.

581 996 630 1034 De
651 994 795 1046 origine
811 994 1022 1042 verborum,
1043 1007 1138 1046 quae
1158 995 1390 1035 antecedenti
1411 995 1622 1047 fragmento
1644 1008 1726 1036 sese
1746 996 1928 1048 applicare
1949 996 2087 1035 clarum
2108 1000 2176 1043 est,
2194 1007 2270 1035 non
2291 996 2551 1047 ambigeretur,

399 1067 509 1105 etiam
542 1068 571 1104 si
602 1066 636 1103 M
666 1067 828 1104 auctoris
859 1078 998 1105 nomen
1028 1079 1104 1105 non
1134 1068 1364 1105 servavisset.
1403 1068 1454 1105 Ex
1482 1068 1508 1106 C
1537 1074 1662 1106 autem
1693 1079 1793 1106 nunc
1822 1068 2012 1112 discimus,
2043 1079 2108 1105 cur
2136 1067 2247 1106 verba
2276 1068 2322 1106 ad
2351 1069 2549 1119 ‘pullorum

399 1138 669 1176 educationem'
700 1140 930 1188 pertineant:
961 1138 995 1176 id
1026 1138 1125 1187 quod
1157 1150 1268 1176 nemo
1296 1144 1405 1176 antea
1436 1150 1480 1175 ex
1509 1139 1543 1176 Μ
1573 1150 1703 1178 eruere
1731 1139 1866 1189 potuit.
1918 1139 2040 1176 Nihilo
2069 1139 2186 1177 setius
2216 1149 2310 1188 quae
2339 1137 2377 1173 in
2407 1135 2440 1172 Μ
2471 1136 2550 1173 solo

400 1208 628 1258 praebentur
657 1208 817 1247 Anatolii
846 1209 1112 1255 additamenta,
1143 1214 1246 1258 grato
1275 1208 1402 1246 animo
1431 1208 1647 1259 accipimus.

1430 1409 1527 1459 VI.

1063 1506 1090 1549 G
1126 1520 1160 1556 p.
1184 1508 1219 1545 6.
1270 1504 1420 1545 Ἵππου
1451 1505 1619 1554 ἀγαθοῦ
1649 1505 1893 1557 δοκιμασία.

572 1608 724 1649 Ἵππον
761 1610 899 1661 φαμὲν
928 1609 1094 1659 ἀγαθὸν
1122 1612 1283 1651 τοῦτον·
1325 1611 1436 1657 εἶδος
1472 1610 1627 1662 ὄρθιον
1655 1610 1724 1649 καὶ
1762 1610 2079 1661 διηρθρωμένον
2107 1607 2276 1658 ἔχοντα,
2314 1604 2548 1659 ὑψαύχενα,

399 1680 649 1732 ἐπίγρυπον,
680 1680 938 1732 λευκοειδῆ*,
970 1679 1195 1733 ἄπληκτον,
1225 1677 1471 1733 κελεύσματι
1495 1680 1608 1734 μόνῳ
1629 1681 1697 1720 καὶ
1720 1680 1831 1734 λόγῳ
1850 1675 2165 1733 ἤνιοχούμενον,
2195 1675 2379 1731 κεφαλήν
2397 1677 2549 1730 μικρὰν

398 1752 544 1800 ἔχοντα
574 1751 642 1788 καὶ
672 1751 1009 1802 διηρθρωμένην,
1039 1754 1235 1802 μέτωπον
1264 1750 1437 1802 ὁμαλόν,
1469 1749 1572 1789 ὠτία
1599 1749 1713 1802 ὀρθὰ
1742 1752 1812 1788 καὶ
1842 1748 2142 1801 προῖστάμενα,
2176 1748 2370 1796 γλῶσσαν
2397 1748 2549 1799 μικρὰν

395 1823 465 1860 καὶ
486 1818 655 1871 λεπτήν,
684 1821 916 1872 πρόσωπον
936 1818 1075 1872 σιμόν,
1103 1821 1304 1874 τράχηλον
1329 1820 1345 1873 ΙΙ
1372 1819 1539 1862 ἁπαλόν
1559 1823 1629 1861 καὶ
1655 1819 2034 1873 μεγαλοπερίοχον*
2055 1820 2125 1859 καὶ
2151 1818 2225 1871 τήν
2244 1817 2410 1871 ἁπαλήν
2429 1820 2548 1869 τρίχα

396 1894 581 1941 βαθεῖαν
603 1887 827 1942 ου’λοτέραν
848 1892 907 1937 εἷς
936 1891 987 1929 τὰ
1012 1889 1130 1936 δεξιοὶ
1158 1890 1374 1939 νεύουσαν,
1405 1894 1563 1944 στῆθος
1587 1891 1681 1942 εὐρὺ
1711 1890 1863 1943 πλῆρες
1890 1888 1960 1929 καὶ
1988 1886 2273 1942 μεμυωμένον,
2297 1886 2548 1940 ὠμοπλάτας

396 1961 577 2011 μεγάλας
606 1961 987 2013 διατετυπωμένας,
1018 1963 1242 2013 βραχίονας
1272 1960 1429 2014 ὀρθούς
1449 1962 1807 2015 διηρθρωμένους,
1838 1960 2019 2012 πλευρὰς
2039 1961 2360 2011 κεκυρτωμένας,
2386 1959 2549 1999 κοιλίαν

397 2031 569 2082 εὔογκον
584 2032 708 2083 (τινὲς
728 2031 775 2072 δέ
795 2043 901 2084 φασι
923 2035 1293 2086 συμπεπιεσμένην
1309 2033 1379 2072 καὶ
1399 2040 1490 2080 ταῖς
1505 2031 1654 2082 λαγόσι
1676 2030 2032 2085 συνεσταλμένην),
2049 2029 2250 2083 διδύμους
2269 2029 2440 2083 μικροὺς
2461 2030 2549 2070 ἶσο-

396 2106 604 2154 μεγέθεις,
624 2105 739 2152 ἰσχία
759 2103 1068 2155 πεπληρωμένα
1083 2104 1239 2149 πλάτος
1255 2104 1400 2153 ἔχοντα
1421 2103 1612 2148 διπλοῦν,
1630 2103 1750 2156 ῥάχιν
1764 2103 2053 2155 ἕγκαθημένην
2067 2102 2223 2154 διπλῆν
2234 2100 2403 2153 ὁμαλήν,
2418 2099 2549 2151 οὖροὶν

399 2173 552 2225 εὐμήκη
583 2174 770 2219 ἔνουλον,
802 2173 956 2225 κνήμας
985 2175 1055 2212 καὶ
1085 2173 1208 2225 σκέλη
1238 2172 1352 2225 ὀρθοὶ
1381 2175 1451 2213 καὶ
1480 2171 1595 2225 μάλα
1623 2172 1727 2225 ὑγρὰ
1755 2175 1814 2219 εἰς
1842 2173 1888 2213 τὸ
1917 2173 2031 2218 ἐντὸς
2063 2175 2186 2223 μέρος
2214 2171 2547 2223 ἐπεστραμμένα,

394 2243 550 2292 γόνατα
578 2243 707 2296 μικρὰ
737 2244 969 2296 στρογγύλα
997 2244 1067 2283 καὶ
1098 2242 1260 2296 στερεά,
1295 2245 1449 2297 μηροὺς
1478 2246 1784 2296 μεμυωμένους,
1823 2241 1972 2293 ὄνυχας
2009 2242 2198 2295 στερεοὺς
2235 2242 2305 2281 καὶ
2343 2238 2550 2294 στεφάνην

395 2315 450 2366 μή
482 2316 694 2366 προπετῆ,
739 2314 885 2353 κύλικα
914 2312 1079 2367 μικρόν,
1124 2313 1277 2366 ὄρθιον
1305 2312 1388 2367 ὅλῳ
1418 2316 1475 2367 τῷ
1503 2314 1682 2365 σώματι,
1727 2312 1948 2368 εὐμεγέθη,
1992 2310 2326 2366 διηρθρωμένον,
2369 2313 2550 2364 μέγεθος

397 2384 556 2433 ἱκανόν,
587 2385 660 2431 τὰς
689 2385 746 2424 δι’
777 2382 875 2425 ὅλου
905 2387 978 2425 τοῦ
1007 2384 1198 2437 σώματος
1228 2385 1385 2438 φλέβας
1421 2384 1624 2438 εὐσήμους
1652 2387 1722 2424 καὶ
1752 2386 2001 2440 ἐπηρμένας,
2040 2382 2191 2437 χροιοὶν
2218 2383 2266 2423 δὲ
2303 2383 2498 2436 φοινικὸν
2525 2380 2550 2434 ἢ

394 2456 577 2507 μέλανα,
622 2454 792 2495 ἑστάναι
831 2457 886 2508 μη
927 2455 1176 2508 ἀνεχόμενον
1203 2455 1309 2495 ἀλλὰ
1335 2457 1409 2508 την
1436 2459 1511 2509 γῆν
1539 2458 1762 2507 κροτοῦντα
1800 2459 1869 2497 καὶ
1899 2460 2019 2497 θέειν
2047 2456 2365 2506 ἐπιθυμοῦντα,
2412 2454 2551 2506 ψυχὴν

395 2525 716 2579 ἀκατάπληκτον
748 2527 909 2576 ἔχοντα,
941 2525 994 2574 ὠς
1023 2527 1203 2573 κτύπους
1230 2529 1312 2567 τῶν
1339 2527 1540 2580 ἐξαπίνης
1572 2528 1685 2581 ζῴων
1714 2528 2019 2580 ἐπιγινομένων
2047 2527 2216 2580 ἤτινων
2245 2525 2382 2567 ἄλλων
2401 2525 2550 2579 ἀήθων

399 2597 627 2648 θεαμάτων
655 2598 710 2650 μή
740 2597 1090 2650 ἐκταράττεσθαι,
1122 2598 1308 2651 ἔμφρονα
1337 2599 1472 2638 δὲκαὶ
1493 2599 1623 2652 τόλμῃ
1644 2598 1885 2647 ὑπείκοντα,
1916 2597 2203 2651 φιλόπρωτον,
2231 2598 2247 2651 ΙΙ
2273 2598 2549 2649 συνεξεριστι-

396 2667 512 2716 κόν*,
543 2668 758 2721 ποταμούς
787 2668 857 2707 καὶ
886 2662 1073 2721 τάφρους
1102 2666 1316 2716 εὖσκόπως
1345 2667 1623 2721 διερχόμενον.

577 2803 595 2833 2
619 2802 734 2834 τοῦιοι
766 2799 804 2832 τό
828 2812 861 2833 τε
886 2801 977 2832 Plato
1002 2801 1164 2833 Phaedrus
1188 2801 1249 2833 253
1260 2802 1290 2841 d,
1313 2801 1353 2833 cf.
1378 2801 1461 2833 infru
1487 2813 1514 2842 p.
1533 2803 1569 2834 21
1604 2802 1609 2842 1
1644 2798 1792 2844 ὄρθριον
1879 2803 1897 2833 3
1922 2799 2078 2842 λυκοειδῆ
2166 2803 2185 2832 5
2208 2797 2320 2843 σημόν
2352 2801 2358 2841 Ι
2391 2802 2450 2833 καὶ
2472 2799 2548 2842 ripe:

394 2868 500 2898 malim
527 2869 654 2908 χαίτην
741 2868 760 2898 6
785 2851 913 2898 0:520’0'
1002 2867 1021 2898 9
1044 2864 1155 2911 ῥάχην
1188 2866 1193 2907 Ι
1235 2865 1361 2907 διπλην
1402 2867 1407 2905 l
1452 2864 1558 2910 εὑράν
1649 2867 1686 2898 12
1710 2863 1853 2911 ὄρθριον
1944 2868 1981 2898 13
2006 2866 2066 2899 δι’;
2090 2864 2121 2898 δ’
2156 2870 2163 2903 ἰ
2193 2863 2368 2908 εὑσώμους
2396 2866 2402 2907 Ι
2426 2862 2550 2910 χροιὰς

398 2923 435 2953 14
459 2921 646 2965 κρατοῦντα
712 2922 749 2953 15
772 2919 1017 2963 ἔπιγινόμενον
