2782 3269
294 816 332 847 10

374 170 444 207 καὶ
464 163 718 222 εὐρυχωρίας
741 167 843 223 (ὥς)
866 170 960 220 [καὶ]
980 170 1037 222 μὴ

374 233 715 280 καταπατεῖσθαι
730 241 783 280 τὰ
790 238 1038 293 γεννήματα,

374 310 455 351 τῶν
463 309 490 350 δ
492 310 512 350 ὲ
524 313 730 353 τεκουσῶν
737 311 1040 363 ἐπιμελεῖσθαι

375 376 595 434 ἠρεμαίαις
622 382 738 432 [ταῖς]
759 381 952 433 πορείαις
971 378 1041 419 καὶ

375 451 425 506 τῇ
452 452 525 491 τοῦ
549 450 697 503 χόρτου
713 452 952 503 παραθέσει
972 449 1041 489 καὶ

375 522 528 573 κριθῆς
555 524 824 574 βεβρεγμένης
850 520 1043 572 Μηδικῆς

374 605 419 630 τε
446 590 516 629 καὶ
540 589 649 637 ζειάς
668 591 739 630 καὶ
757 592 839 631 τῶν
858 588 937 631 ὅσα
955 605 1042 631 τοι·

375 660 481 701 αὕτα
527 660 598 700 καὶ
643 661 690 701 τὸ
737 660 928 714 δεύτερον
972 662 1043 714 τῆς

375 728 530 783 ἡμέρας
558 730 703 771 ποτόν.
757 731 804 771 τὸ
838 732 880 772 δ’
910 730 1043 771 ἱππο-

375 799 549 841 στάσιον
575 800 757 853 μάλιστα
794 802 852 843 ἕν’
869 804 1042 855 χειμῶνι

374 869 451 922 μὲν
477 868 661 913 ἀλεεινὸν
682 872 802 921 ἔστω,
829 871 1042 926 ἆναψυχό-

374 955 501 993 μενον
515 942 562 982 δὲ
577 944 740 995 θέρους.

761 1497 806 1537 αἳ
822 1498 870 1538 δὲ
885 1497 1041 1552 φάτναι

373 1568 436 1619 ἐφ’
445 1566 610 1620 ὑψηλοῦ
620 1568 906 1618 τετάχθωσαν,
919 1568 1041 1608 αὐταὶ

313 1666 316 1668 -
372 1637 419 1678 δὲ
456 1636 787 1690 άνηρτήσθωσαν
819 1640 909 1686 ταῖς
946 1638 1042 1679 ἐπι-

290 1721 328 1753 15

284 2070 325 2101 20

373 1707 614 1761 φατνιδίοις
647 1709 887 1761 φορβειατς,
926 1706 1042 1757 ὅπως

371 1776 647 1818 ἆνανεύουσαι
684 1774 932 1830 λαμβάνωσι
968 1781 1042 1832 τὴν

368 1847 538 1901 τροφήν.

368 1919 442 1960 ἐπὶ
496 1920 578 1960 τῶν
634 1918 785 1960 πώλων
839 1919 1037 1972 μάλιστα,

367 1986 596 2041 ὑψαύχενες
638 1990 716 2042 γὰρ
758 1988 887 2038 οὕτως
929 1992 1037 2031 εἶναι

368 2059 598 2099 ἐθιοῦνται.
654 2059 814 2113 ἡμερῶν
846 2062 893 2101 δὲ
920 2076 1037 2111 γενο-

368 2131 502 2181 μένων
548 2129 775 2171 δεκαπέντε
828 2133 889 2179 εἷς
938 2129 1038 2179 ὕλας

370 2201 615 2250 προακτέον,
651 2205 719 2241 ἵνα
747 2202 802 2255 μὴ
832 2200 877 2241 αἳ
906 2200 1035 2242 ὁπλαὶ

603 1851 799 1901 τηρητέον
835 1849 883 1888 δὲ
918 1852 1040 1890 τοῦτο

422 2733 440 2764 4
464 2730 613 2777 ἡρεμέως
688 2733 707 2764 8
731 2729 769 2764 τὸ
792 2730 949 2774 δεύτερον
969 2733 1037 2764 κτλ.

368 2791 538 2828 corrupta:
575 2787 715 2826 legemus
751 2797 821 2819 cum
845 2786 872 2818 G
906 2788 950 2827 τῷ
984 2785 1040 2822 δὶς

368 2842 428 2883 τῆς
442 2837 571 2884 ἡμέρας
585 2840 732 2879 ποτίζειν
792 2841 827 2873 11
854 2837 1041 2883 ἀνάψυχον

371 2897 410 2930 13
446 2894 667 2929 πετάσθησαν
699 2896 705 2937 Ι
739 2887 856 2927 abun:
901 2894 1041 2927 fortasse

370 2951 476 2984 ἵπποι
500 2950 714 2994 reponendum
799 2950 838 2982 14
859 2949 1044 2992 ἐπιφατνη-

368 3004 455 3041 δίοις
497 3004 715 3048 15φορμιαῖς
762 3005 800 3038 16
813 3002 1044 3047 ἁνανέχουσαι

369 3060 411 3091 22
434 3059 637 3102 προακτέον

435 3121 651 3150 trina-werd.
670 3122 773 3157 Gymn.
808 3123 882 3149 1⁸⁹0.

1327 83 1375 89 —
1437 61 1460 99 9

1106 168 1329 220 βαστάζειν
1343 171 1659 221 συγχωροῦντες,
1676 185 1777 210 ποι-
1848 171 2105 222 <ποιῶμεν>,
2140 169 2519 222 φιλοστοργότατον

1108 240 1247 286 οῦντες
1279 237 1407 291 η’ρέμα
1428 238 1678 290 βόσκεσθαι,
1708 241 1778 279 καὶ
1848 242 1948 289 (cod.
1970 239 2261 291 φιλόστοργον)
2292 242 2369 289 γὰρ
2397 242 2516 280 τοῦτο

1108 307 1267 361 τροφῆν
1324 311 1629 360 παρατιθέντες
1688 323 1781 349 κου-

1110 379 1291 432 φοτέραν
1326 376 1474 432 χόρτον
1518 377 1578 419 ἔτι
1622 378 1782 431 χλωρὸν

1110 449 1345 500 τμηθέντα,
1401 444 1521 494 οὗτος
1569 447 1648 500 γάρ
1694 449 1783 488 ἐστι

1110 517 1380 568 γλυκύτατος,
1427 518 1582 571 κριθήν
1626 534 1668 558 τε
1715 522 1782 570 βε-

1111 591 1338 641 βρεγμένην
1374 588 1445 627 καὶ
1490 585 1570 628 ὅσα
1610 590 1785 629 τοιαῦτα

1113 657 1179 706 δίς
1205 673 1249 699 τε
1272 659 1344 712 τῆς
1362 655 1516 712 ἡμέρας
1535 657 1783 707 ποτίζοντες.

1112 728 1157 769 έν
1199 727 1472 782 ἷπποστασίῳ
1513 743 1557 768 τε
1599 727 1785 777 ἱστάντες

1112 802 1261 852 θερμῷ
1288 801 1503 851 χειμῶνος,
1542 802 1710 852 θερείας
1739 801 1785 840 δὲ

1112 868 1397 923 ἀναψύχοντες
1427 872 1643 921 (legendum
1682 868 1784 911 ἆνα-

1111 938 1335 993 ψυχομένῳ
1369 941 1423 979 vel
1462 938 1783 994 ἆναψυχθέντι),

1112 1008 1473 1061 ὖποστρωννύντες
1500 1025 1544 1050 τε
1566 1012 1659 1060 [καὶ]
1686 1009 1785 1056 ξύλα

1113 1078 1342 1132 στρογγύλα
1353 1078 1615 1132 εὗαρμόστως
1623 1084 1784 1129 συγκεί-

1112 1163 1217 1201 μενα
1245 1146 1329 1190 ὑπὸ
1357 1149 1452 1197 τοὺς
1476 1148 1613 1196 πόδας
1632 1148 1783 1198 αὐτῶν,

1114 1223 1183 1260 ἵνα
1219 1219 1264 1259 ἓν
1292 1219 1367 1271 μὲν
1394 1220 1442 1273 τῇ
1477 1222 1592 1272 κοίτῃ
1623 1217 1785 1260 ἁπαλό-

1111 1304 1213 1341 τητα
1241 1288 1407 1340 ἔχωσιν,
1436 1289 1481 1329 ἐν
1501 1289 1548 1329 δὲ
1570 1296 1659 1336 τοῖς
1680 1290 1783 1330 ποσὶ

1113 1358 1367 1412 σκληρότητα
1409 1358 1484 1398 διὰ
1521 1359 1594 1406 τὰς
1631 1357 1781 1409 ὁπλάς,

1111 1428 1163 1470 τά
1190 1445 1234 1470 τε
1263 1426 1366 1482 οὖρα
1393 1432 1574 1486 καταρρῇ
1601 1428 1782 1484 εὐχερῶς.

1111 1499 1183 1546 τὰς
1229 1499 1276 1539 δὲ
1322 1496 1485 1552 φάτνας
1525 1498 1783 1554 ὑψηλοτέρας

1112 1572 1221 1610 εἶναι
1241 1570 1323 1617 δεῖ,
1350 1568 1404 1616 ὥς
1423 1569 1686 1623 ἀνηρτῆσθαι
1707 1570 1782 1610 ἀπ’

1111 1638 1247 1681 αὐτῶν
1260 1641 1333 1687 τὰς
1349 1641 1532 1692 φορβεὰς
1542 1643 1674 1690 (immo
1689 1649 1782 1689 ταῖς

1111 1711 1313 1763 φορβεατς
1343 1723 1394 1750 sc.
1413 1710 1487 1757 τὰς
1512 1713 1686 1760 ἵππους)
1707 1712 1778 1751 καὶ

1110 1778 1388 1827 ἀνανευούσας
1434 1781 1664 1833 λαμβάνειν
1705 1782 1779 1835 την

1109 1850 1282 1904 τροφήν,
1299 1849 1481 1903 μάλιστα
1500 1851 1547 1891 δὲ
1565 1853 1685 1892 τοῦτο
1706 1851 1779 1891 ἐπὶ

1107 1922 1188 1962 τῶν
1245 1920 1397 1962 πώλων
1453 1924 1778 1975 παρατηρητέον,

1107 1988 1345 2045 ὖψαύχενας
1381 1993 1460 2045 γὰρ
1489 1990 1637 2040 αὐτοὺς
1671 1994 1779 2034 εἶναι

1106 2061 1397 2115 συνεθίζομεν,
1419 2060 1522 2115 ὅπερ
1541 2064 1598 2116 τῷ
1616 2062 1780 2114 ἶππικῲ·

1105 2131 1287 2185 μάλιστα
1334 2128 1486 2180 κάλλος
1531 2133 1655 2174 ἐστίν.
1730 2124 1779 2174 οὗ

1104 2202 1181 2256 χρὴ
1219 2202 1266 2242 δὲ
1304 2200 1430 2250 αὐτὰς
1468 2203 1661 2254 ποικιλίᾳ
1697 2205 1779 2245 τῶν

1103 2274 1241 2325 νομῶν
1268 2273 1338 2312 καὶ
1374 2275 1455 2313 τῶν
1483 2273 1645 2314 ὑδάτων
1674 2276 1778 2321 ξενί-

1108 2342 1202 2389 ζειν.

1104 2420 1191 2460 τοῖς

1268 2341 1544 2395 ἆμβλίσκουσι
1588 2345 1667 2397 γὰρ
1705 2345 1777 2385 ἐπὶ

1558 2414 1778 2467 ξενισμοῖς.

1104 2484 1320 2530 τεκούσαις
1348 2483 1395 2523 δὲ
1423 2482 1567 2530 αὐταῖς
1586 2485 1659 2536 τὴν
1681 2488 1779 2536 Μη-

1106 2553 1226 2605 δικὴν
1272 2553 1596 2606 παραλαβοῦμεν
1641 2555 1777 2603 (scribe

1107 2622 1449 2675 παραβαλοῦμεν)
1477 2624 1548 2662 καὶ
1576 2624 1647 2675 τὴν
1675 2638 1776 2674 προ-

1272 2412 1479 2461 τοιούτοις

1850 310 1896 350 τὸ
1928 309 2032 362 ζῷον
2060 309 2258 350 ἁπάντων
2269 324 2277 332 ·

2308 2064 2410 2115 μετά
2443 2066 2519 2116 γάρ

1851 2133 1898 2174 ιε’
1944 2132 2096 2187 ἡμέρας
2142 2136 2345 2184 νέμεσθαι
2395 2134 2520 2181 αὐτάς

1849 2205 1943 2255 (lege
1976 2206 2030 2243 vel
2067 2200 2217 2251 αὐτούς
2250 2206 2271 2242 i.
2296 2218 2325 2243 e.
2358 2204 2520 2251 πώλους

1849 2277 1904 2314 vel
1957 2272 2061 2314 αὐτά
2112 2276 2135 2313 i.
2169 2288 2199 2313 e.
2247 2276 2518 2326 γεννηθέντα)

1849 2344 1980 2396 ἐῶμεν
2002 2345 2104 2396 μετὰ
2132 2346 2214 2384 τῶν
2233 2343 2427 2395 μητέρων.
