2782 3269
280 1239 317 1268 10

280 1588 317 1617 15

275 1935 315 1964 20

224 2080 257 2116 p.
281 2066 304 2102 9

272 2284 311 2312 25

272 2636 312 2664 30

1303 68 1581 107 ..26-

366 178 495 227 capitis
533 177 697 226 genuini,
737 178 843 226 quale
870 190 913 215 ex
943 178 1089 215 officina
1117 179 1279 215 auctoris
1307 180 1498 227 prodierit.
1539 180 1656 216 multo
1691 180 1823 218 clarior
1848 192 1958 230 quam
1984 186 2091 219 antea
2118 180 2295 229 evadat1).
2353 181 2514 220 Noscivit

367 248 467 285 enim
508 248 707 292 Lambros,
754 248 806 283 vir
843 248 1097 291 doctissimus,
1143 259 1222 284 eam
1268 248 1485 297 particulam
1526 248 1729 298 pleniorem
1770 261 1788 286 a
1828 249 2003 288 Cramero
2042 251 2179 288 editam
2219 251 2334 288 fuisse
2371 256 2410 288 et
2446 262 2514 300 ego

365 320 543 367 ignoravi,
580 330 662 357 cum
700 319 745 355 de
780 319 896 367 capite
930 330 1048 367 nuper
1081 318 1209 366 paucis
1244 318 1280 355 in
1315 318 1441 356 Museo
1476 319 1656 356 Rhenano
1692 320 1754 364 51,
1778 321 1827 357 57
1862 321 1998 358 rettuli.

547 412 572 451 ¹)
595 412 828 455 discrepantias
853 415 998 456 pusillus,
1021 415 1132 456 quales
1157 419 1231 446 sunt
1253 412 1435 458 ἐργατικός
1458 420 1489 446 et
1510 413 1711 457 ἐργαστικός
1726 426 1755 457 p.
1769 416 1820 455 28,
1834 416 1874 447 26
1891 417 1944 449 vel
1961 418 2112 457 Νησαῖοι
2135 422 2168 449 et
2181 419 2323 449 Νισαῖοι
2348 428 2376 459 p.
2394 418 2445 459 29,
2467 420 2514 457 13,

365 468 446 499 alias
471 469 618 499 consulto
644 478 704 499 non
729 469 849 500 sustuli
874 470 905 500 in
931 474 1097 501 contextu.

463 579 489 621 G
519 593 554 629 p.
577 580 612 616 8.
662 578 822 618 Ἵππων
851 579 999 631 φύσεις
1027 580 1131 618 κατὰ
1159 580 1296 624 ἔθνος.

449 738 462 772 1
493 733 702 785 Ἀρμένιοι
726 740 855 774 ἵπποι
877 736 981 775 κατὰ
1002 738 1122 787 σῶμα
1142 735 1218 786 μὲν
1239 733 1403 785 εὐμεγέ-

363 808 459 850 θεις
489 806 588 851 εἶσί,
619 808 939 856 χρεμετιστικοί,
972 805 1250 851 πλατύνωτοι,
1286 802 1406 856 ῥάχιν

363 874 634 927 ι’·πέρσαρκοι,
678 874 830 927 (κατὰ)
873 876 1088 927 προτομὴν
1120 874 1214 928 <δὲ>
1251 873 1291 914 οἳ
1329 875 1405 925 μὲν

363 946 608 996 ἐπίγρυποι,
642 944 681 985 οἱ
711 944 758 985 δὲ
787 944 972 996 βοώδεις.

445 1018 467 1054 2
489 1015 662 1067 Ἄραβες
692 1016 737 1055 δὲ
769 1015 808 1055 οἳ
837 1015 943 1068 πρὸς
962 1018 1019 1069 τῷ
1040 1015 1126 1067 ὄρει
1148 1017 1218 1068 τῆς
1232 1014 1405 1067 Ἰνδικῆς

363 1086 623 1138 εὐμεγέθεις,
655 1090 859 1139 φοίνικες,
892 1086 945 1133 ὠς
966 1087 1128 1126 ἐπίπαν
1149 1088 1303 1133 εἰπεῖν,
1334 1086 1406 1137 τήν

361 1157 520 1208 χροιάν,
552 1156 797 1209 ὑψαύχενες,

833 1299 906 1349 τὴν
936 1297 1149 1348 προτομήν
1178 1296 1406 1348 σύμμετρον

363 1369 431 1404 καὶ
482 1366 694 1418 εὔρυθμον
733 1368 916 1416 ἔχοντες,
962 1368 1037 1419 τήν
1080 1367 1264 1417 κεφαλὴν
1308 1366 1401 1414 [καὶ]

362 1436 574 1488 ἡνωμένην
609 1437 758 1485 σχεδὸν
791 1439 847 1488 τῷ
890 1438 962 1475 τοῦ
1006 1435 1170 1482 ἱππέως
1212 1434 1403 1487 μετώπῳ.

362 1507 506 1557 κυδροὶ
550 1508 619 1545 καὶ
662 1507 1037 1556 δυσγαργάλιστοι,
1093 1506 1200 1545 πολὺ
1246 1504 1291 1544 τὸ
1335 1507 1404 1556 τῆς

365 1575 630 1628 ἱπποτυφίας
638 1577 796 1625 ἔχοντες
805 1574 1087 1629 ὑπερήφανον,
1101 1575 1209 1621 ὀξεῖς
1221 1576 1402 1627 σφόδρα,

359 1645 579 1692 ποδώκεις,
610 1646 766 1694 γόνατα
795 1645 914 1697 ὑγρά,
943 1647 992 1700 τῇ
1022 1641 1130 1700 ὁρμῇ
1153 1648 1224 1685 τοῦ
1245 1645 1401 1696 δρόμου

356 1713 473 1761 ὅλους
496 1715 666 1762 ἑαυτοὺς
686 1714 969 1762 ἐπιδιδόντες,
1001 1715 1216 1768 πηδῶντες
1237 1714 1402 1767 κούφως

356 1785 515 1835 μᾶλλον
546 1786 569 1837 ἢ
599 1789 824 1836 τρέχοντες,
860 1786 1003 1836 γοργοὶ
1033 1786 1079 1823 τὸ
1110 1785 1290 1836 βλέμμα,
1330 1787 1403 1835 τὴν

362 1858 444 1905 ἶριν
460 1858 711 1907 κεκραμένην
727 1857 796 1894 καὶ
817 1854 1093 1906 ὑδαρεστέραν
1112 1855 1288 1904 ἔχοντες,
1309 1855 1403 1899 τους

361 1927 558 1970 κενεῶνας
594 1925 914 1976 συνεσταλμένοι
955 1925 1023 1963 καὶ
1062 1926 1108 1963 τὸ
1148 1923 1248 1962 ἄλλο
1284 1925 1402 1974 σῶμα

360 1998 495 2044 ἰσχνοὶ
526 1997 596 2033 καὶ
628 1994 676 2034 οὐ
705 1999 937 2045 κεχυμέναι,
971 1996 1092 2046 <την>
1115 1995 1235 2045 ῥάχιν
1262 1994 1403 2045 κοίλην

359 2065 534 2114 ἔχοντες,
567 2067 672 2117 πρὸς
700 2067 745 2106 τὸ
776 2068 915 2116 καῦμα
945 2066 1000 2118 μὴ
1030 2063 1400 2115 ἀπαγοΙΙρεύοντες,

358 2138 415 2187 τῷ
431 2134 534 2189 ἡλίῳ
551 2135 709 2188 μᾶλλον
724 2139 951 2188 χαίροντες,
969 2135 1042 2188 την
1055 2137 1202 2187 χαίτην
1219 2132 1400 2187 εὐφυεῖς,

358 2207 430 2257 τὴν
473 2207 643 2245 δίαιταν
686 2205 877 2252 εὐτελεῖς,
926 2205 1148 2255 ἐμβριθεῖς
1191 2205 1242 2243 τὰ
1280 2205 1400 2250 ἄλλα,

357 2273 565 2325 ἆβιάστως
599 2275 695 2326 <δὲ>
725 2277 797 2320 τὰς
827 2273 1048 2325 διαβάσεις
1080 2275 1340 2325 ποιούμενοι.

444 2705 489 2735 Ad
511 2707 523 2736 1
552 2704 591 2735 cf.
617 2705 787 2745 scriptoris
813 2704 915 2742 ignoti
934 2703 960 2734 G
978 2713 1006 2744 p.
1021 2703 1078 2735 261
1106 2712 1184 2743 quae
1208 2703 1293 2733 edidi
1320 2700 1401 2732 infra

356 2770 384 2798 p.
403 2759 438 2788 31
461 2757 629 2799 Ἀρμένιοι
653 2757 690 2789 δὲ
715 2758 770 2788 καὶ
788 2752 1024 2792 Καππάδοκες
1047 2756 1083 2787 τὸ
1100 2753 1281 2799 Παρθικὸν
1302 2756 1403 2796 γένος

356 2812 504 2852 ἔχουσιν,
529 2813 594 2844 εἰσὶ
620 2811 657 2843 δὲ
679 2813 910 2854 βαρυκέφαλοι
935 2811 1074 2852 μᾶλλον.

441 2890 459 2919 5
484 2883 704 2931 πρωιόμηνοι
727 2888 792 2930 μὲν
875 2890 890 2918 ἰ’
910 2885 1073 2931 ’Ἀρραβες
1154 2889 1185 2919 11
1216 2883 1402 2929 προνομὴν

358 2944 394 2974 13
421 2945 546 2978 ἱππέως
606 2945 642 2975 15
668 2938 892 2986 ύπερὴφανόν
916 2943 941 2972 Ο
1002 2942 1038 2971 Π
1064 2935 1240 2980 πηδόνιες,
1266 2933 1398 2978 πήδον-

353 3022 403 3045 τες
426 3011 451 3040 Ο
533 3011 570 3041 18
594 3008 633 3040 τὸ
652 3010 742 3040 deest
759 3009 784 3039 Ο

355 3061 477 3108 οὔρινα
502 3062 750 3108 κεκραταμένην
774 3063 796 3093 Β

866 3011 904 3040 19
937 2993 1015 3048 ἔριῗ
1037 3007 1112 3046 (sic)
1136 3007 1398 3049 κεκρατημένην,

884 3062 924 3093 22
949 3060 1068 3104 ἔχοντα
1093 3060 1118 3091 Ο

1476 582 1662 631 Aristoph.
1684 582 1769 631 Byz.
1792 583 1875 620 hist.
1898 583 2012 620 anim.
2036 583 2196 632 epitome
2225 583 2283 621 ed.
2306 583 2515 633 La(mbros)

1922 664 1957 699 p.
1982 653 2068 688 147.

1557 736 1666 782 (596)
1690 734 1899 787 ’Λρμένιοι
1921 735 1967 775 δὲ
1987 735 2147 786 σώματι
2169 733 2411 788 εὐμεγέθεις
2431 738 2513 777 εἶσὶ

1476 805 1544 843 καὶ
1561 808 1882 857 χρεμετιστικοί,
1896 804 2158 846 πλατύνωτοι
2175 806 2221 846 δὲ
2237 807 2304 846 καὶ
2322 805 2513 858 βοώδεις,

1475 874 1596 926 ῥάχιν
1624 873 1891 927 ὑπέρσαρκοι.

1557 1017 1667 1065 (597)
1700 1014 1751 1055 Οἳ
1781 1016 1827 1055 δὲ
1848 1015 2021 1067 Ἄραβες
2051 1015 2091 1056 οἳ
2122 1017 2226 1068 πρὸς
2254 1018 2311 1069 τῷ
2330 1016 2418 1068 ὄρει
2445 1018 2514 1069 τῆς

1471 1084 1642 1138 Ἰνδικῆς
1654 1085 1768 1131 ὄντες
1780 1084 2008 1138 ὑψαύχενοί
2017 1089 2099 1135 (sic)
2111 1088 2194 1126 εἶσι
2211 1087 2279 1125 καὶ
2294 1086 2512 1136 ποδώκεις,

1476 1154 1584 1202 ὀξεῖς
1604 1157 1673 1195 καὶ
1690 1156 1853 1208 κούφως
1869 1157 2095 1208 πηδῶντες,
2111 1158 2255 1208 γοργοὶ
2271 1157 2317 1197 τὸ
2333 1157 2511 1209 βλέμμα,

1477 1227 1581 1277 πρὸς
1596 1227 1641 1266 τὸ
1659 1228 1795 1277 καῦμα
1815 1226 1868 1278 μή
1887 1224 2231 1277 ἀπαγορεύοντες,
2251 1225 2513 1278 ἶπποτυφίας

1474 1298 1666 1347 γέμοντες
1673 1294 1854 1347 ἀληθῶς.
1864 1299 2049 1348 φοίνικες
2057 1295 2115 1342 δὲ,
2125 1292 2159 1335 w‘
2164 1311 2183 1342 ς
2191 1295 2353 1336 ἐπίπαν
2363 1297 2512 1345 εἰπεῖν,

1474 1365 1546 1416 την
1573 1364 1718 1415 χρόαν,
1748 1365 1821 1417 τήν
1849 1365 2064 1417 προτομὴν
2093 1365 2325 1417 σύμμετρον
2349 1368 2418 1405 καὶ
2448 1365 2511 1405 εὕ-

1475 1436 1641 1486 ρυθμον
1654 1435 1824 1484 ἔχοντες.
1845 1435 1918 1486 την
1932 1435 2116 1487 κεφαλήν
2131 1434 2182 1474 ἄν
2197 1450 2260 1481 τις
2274 1433 2410 1476 αὐτῶν
2426 1436 2511 1476 ἴδοι

1473 1507 1530 1554 τῷ
1559 1507 1631 1544 τοῦ
1663 1504 1828 1550 ἱππέως
1847 1504 2026 1556 μετώπῳ
2048 1504 2271 1557 ἡνωμένην.
2311 1506 2510 1558 κ<υ>δροὶ

1474 1577 1543 1613 καὶ
1559 1573 1929 1624 δυσγαργάλιστοι,

1955 1646 2003 1699 τῇ
2025 1644 2069 1684 δὲ
2086 1644 2194 1699 ὁρμῇ
2209 1643 2328 1691 ὅλους
2344 1644 2512 1691 ἑαυτοὺς

1473 1713 1752 1760 ἐπιδιδόντες,
1765 1713 1976 1765 πηδῶντες
1992 1713 2157 1768 κούφως
2165 1714 2278 1766 μάλα
2287 1713 2511 1765 (·μᾶλλον’ῗ

1474 1785 1669 1833 Lambrus)
1704 1784 1727 1834 ἢ
1765 1787 1995 1834 τρέχοντες,
2038 1785 2110 1835 τήν
2152 1787 2236 1834 ἶριν
2264 1787 2514 1835 κεκραμένην

1474 1854 1542 1891 καὶ
1572 1851 1850 1904 ὑδαρεστέραν
1880 1853 2054 1902 ἔχοντες,
2087 1854 2178 1899 τοὺς
2207 1855 2405 1900 κενεῶνας
2426 1856 2446 1903 [.
2465 1883 2473 1891 .
2491 1855 2512 1902 .]

1474 1993 1759 2043 ἕγκεχυμένοι,
1817 1993 1889 2043 την
1941 1992 2062 2044 ῥάχιν
2108 1994 2252 2046 κοίλην
2299 1993 2510 2044 ἔχον<τες>

1474 2207 1493 2251 [.
1518 2234 1525 2241 .
1550 2207 1645 2252 .]σις
1673 2206 1746 2255 τὴν
1774 2203 1944 2243 δίαιταν
1964 2203 2155 2251 εὐτελεῖς,
2187 2204 2510 2255 ἕμβριθέστατοι

1471 2276 1492 2321 [.
1516 2304 1523 2311 .
1546 2276 1568 2322 .]
1597 2269 1817 2323 διαβάσεις
1848 2272 2109 2324 ποιούμενοι.
2403 2325 2406 2328 ἦ
2539 2262 2542 2265 Δ

1552 2344 1604 2382 2a
1639 2343 1750 2391 (590)
1796 2341 1847 2382 ΟΣ
1886 2343 1932 2383 δὲ
1962 2342 2154 2396 Ἀρκάδες
2199 2347 2327 2383 ἵπποι
2372 2342 2512 2383 δεινὸν

1471 2414 1676 2465 βλέπουσι
1707 2414 1777 2453 καὶ
1805 2413 1879 2467 τήν
1898 2412 2030 2466 ὀφρῦν
2049 2413 2270 2467 αἴρ<ου>σι
2292 2417 2314 2464 [.
2332 2444 2340 2453 .
2359 2417 2380 2464 .]
2402 2409 2426 2466 ἦ
2449 2414 2511 2466 ῥὶς

1473 2484 1726 2532 ἐπαγγελίαν
1755 2484 2023 2536 φρυάγματος
2061 2483 2142 2533 ἔχει
2179 2484 2248 2522 καὶ
2279 2482 2300 2531 [.
2324 2514 2331 2522 .
2355 2483 2513 2533 .]τοπιν

1471 2556 1552 2593 τῶν
1582 2554 1746 2593 ποδῶν·
1778 2552 2027 2605 ἀτιμάζουσι
2057 2554 2103 2593 δὲ
2133 2552 2186 2603 ὑ[.
2204 2585 2211 2593 .
2231 2553 2252 2603 .]
2283 2552 2366 2603 αὗ[.
2384 2585 2392 2592 .
2411 2552 2511 2603 .]κοί

1473 2625 1555 2663 εἶσι
1584 2625 1657 2676 τὴν
1685 2622 1831 2675 ὁπλήν.

1560 2885 1577 2915 3
1609 2884 1648 2916 cf.
1676 2884 1929 2917 Heliod.V1129
2020 2885 2059 2916 28
2094 2886 2149 2916 καὶ
2185 2882 2204 2925 ἡ
2239 2882 2323 2930 οὐρὰ
2360 2888 2511 2926 σοβεῖται

1471 2937 1619 2970 κατόπιν
1652 2941 1756 2971 latere
1792 2945 1882 2980 putat
1918 2940 1962 2970 La
2052 2939 2092 2970 29
2120 2936 2179 2970 ὑπ’
2202 2935 2328 2975 αὐτοὺς
2349 2940 2409 2980 (sc.
2432 2938 2513 2976 τοὺς

1471 2992 1594 3032 πόδας)
1618 2991 1840 3034 ὑποδεῖσθαι,
1863 2993 1941 3027 ἐπεὶ
1964 2996 2158 3036 καρτερικοί
2178 2994 2305 3035 supplet
2328 2994 2372 3026 La
