2782 3269
241 813 278 843 10

1519 181 1595 220 18a
1616 181 1726 230 (592)
1751 178 1859 232 <Ο>ἶ
1889 179 1962 232 έ<ν
1980 181 2147 229 Σκυθίᾳ
2175 180 2235 224 εἰς
2263 176 2478 230 πόλ>εμόν

1436 252 1519 289 εἶσι
1548 250 1690 289 καλοί·
1720 252 1879 301 θαρσεῖ
1905 248 1984 301 γὰρ
2010 249 2080 288 καὶ
2100 246 2149 289 οὗ
2168 247 2284 289 δέδιε
2302 248 2373 287 καὶ
2395 248 2477 301 (τῷ

1436 319 1621 372 ἆναβάτῃ
1639 319 1906 371 συμ>πάσχει
1927 320 1997 358 καὶ
2015 317 2186 358 πεσόντι
2203 316 2475 369 παροκλάζει·

1437 390 1747 442 φιλάνθρωπον
1774 389 1852 441 γάρ
1883 389 2023 441 <gatar
2053 387 2210 439 ἵππος)
2244 386 2422 440 Σκύθης.

1521 461 1600 500 18b
1643 461 1753 511 (595)
1801 462 2065 510 Τευθρανίας
2107 458 2153 498 δὲ
2195 458 2264 497 καὶ
2306 459 2478 509 Λέσβου

1440 536 1569 570 ἵπποι
1600 532 1742 581 θυμοῦ
1771 530 2023 579 ἐπαγγελίαν
2042 531 2112 568 καὶ
2137 526 2280 568 ὅπλων
2299 527 2478 575 κτύπους

1439 605 1643 641 συνιᾶσιν.

410 668 455 704 19
482 665 671 717 Ὑρκανοὶ
694 664 978 717 ἐξόφθαλμοι,
1007 667 1274 719 σκιρτητικοί,
1296 669 1369 708 τόν

324 736 536 787 ἀναβάτην
556 733 591 774 εἰ
614 738 736 774 πέσοι
760 740 1065 787 περιμένοντες,
1093 736 1367 788 ιῖγροσκελεῖς,

327 806 564 856 πολεμικοί,
596 804 886 857 ἁμιλληθῆναι
918 806 1158 857 δυνάμενοι,
1188 807 1368 856 χειλοσι-

324 878 440 914 τοῦσι
454 878 470 894 *
492 876 554 922 δέ,
576 876 735 926 μᾶλλον
755 875 1014 927 κριθοφάγοι
1037 877 1060 928 ἢ
1081 878 1368 930 πυροᾳαγ<οι,

327 945 588 998 φαγ>οῦσιν*
646 944 669 985 ὅ
688 962 727 985 τι
785 947 833 1001 τῇ
881 945 969 996 πόᾳ
1018 948 1086 985 καὶ
1134 950 1191 1000 τῷ
1238 949 1369 1001 χόρτῳ

325 1015 562 1067 πρόσεστιν.
603 1013 624 1055 ὁ
648 1016 786 1062 πῶλος
808 1015 966 1070 πλήρης
988 1015 1144 1070 ἀλφῶν.
1184 1020 1370 1066 γένοιντο

323 1088 365 1126 δ’
386 1087 440 1126 ἄν
468 1103 575 1132 τινες
605 1088 822 1127 κάλλιστοι
854 1088 1151 1140 παιδοτρόφοι.

409 1189 427 1218 8
462 1188 657 1230 Λινρκανοὶε
692 1186 852 1229 ’Υρκαιόὶ
887 1188 912 1218 0
954 1188 959 1227 Ι
1001 1183 1221 1229 ὀξόφθαλμοι
1248 1189 1320 1226 (sic)
1346 1190 1371 1219 0
1528 1193 1546 1221 5
1568 1190 1792 1234 ἹΙευθριινίας
1818 1191 1888 1227 (sic)

323 1279 342 1308 9
375 1254 574 1318 ὑγρφξελεῖς
608 1277 679 1314 (sie)
717 1276 742 1306 Ο
836 1279 869 1308 11
910 1276 1210 1318 πυρροφαγοῦσιν,
1248 1286 1370 1319 πυρρο-

322 1331 474 1372 (Ῑιαγοῦσι
500 1330 526 1360 Ο
619 1331 655 1362 13
681 1325 843 1372 πρόσεστι
877 1331 901 1361 Ο
944 1329 949 1369 Ι
991 1329 1089 1370 ἀλγοὶ
1122 1330 1256 1371 γένςηιο
1287 1330 1367 1368 (sic),

324 1381 415 1425 (ἴλγει
429 1394 564 1424 γενᾳιιο
578 1384 650 1422 (sic)
665 1383 705 1413 0:
731 1384 848 1423 scripsi
863 1381 984 1424 ἀλφῶν
996 1384 1199 1414 ‘macularum
1215 1384 1368 1414 albarum*

505 1479 545 1515 In
568 1480 593 1514 C
624 1491 806 1527 equorum
838 1491 971 1526 genera
1003 1480 1209 1516 secundum
1233 1481 1439 1516 litterarum
1463 1480 1630 1516 ordinem
1653 1479 1854 1516 constituta
1882 1480 2078 1528 prodeunt.
2109 1479 2180 1516 nisi
2201 1480 2300 1528 quod
2326 1477 2478 1517 Γάλλοι

324 1555 360 1586 et
381 1546 536 1599 Ἴβηρες
565 1549 656 1585 salso
687 1549 766 1585 loco
797 1554 988 1597 apparent,
1020 1561 1244 1598 quamquam
1276 1547 1539 1599 Κενταύρειοι
1571 1554 1608 1586 et
1636 1549 1706 1598 ipsi
1726 1548 1892 1586 Thessali
1923 1560 2004 1586 esse
2034 1548 2222 1587 dicuntur.
2278 1549 2320 1586 In
2344 1548 2371 1586 D
2394 1561 2477 1587 vero

324 1619 435 1656 hodie
465 1619 578 1656 series
609 1619 804 1656 nominum
836 1619 992 1656 omnino
1024 1620 1118 1656 nulla
1141 1620 1369 1668 est—quid
1392 1620 1489 1669 quod
1522 1620 1570 1657 ibi
1597 1621 1825 1670 Κυρηναῖοι
1855 1619 1913 1657 bis
1943 1619 2094 1657 diversis
2124 1619 2214 1657 locis
2244 1618 2477 1657 tractantur?

324 1690 465 1725 Tamen
506 1703 588 1725 cum
628 1691 736 1725 etiam
777 1690 837 1725 liic
871 1690 1059 1737 complura
1101 1702 1281 1737 equorum
1322 1702 1456 1737 genera
1487 1690 1733 1738 (596-604)
1762 1702 1844 1726 sese
1874 1690 2077 1726 secundum
2108 1690 2249 1726 litteras
2279 1690 2476 1738 excipiant,

326 1772 400 1796 non
441 1760 595 1796 dubium
637 1772 717 1796 esse
754 1760 906 1799 videtur,
949 1760 1039 1809 quin
1070 1760 1095 1797 C
1125 1760 1295 1797 ordinem
1326 1760 1530 1808 genuinum
1571 1760 1781 1798 servaverit.
1840 1759 1867 1796 D
1899 1760 2054 1797 maiores
2084 1765 2293 1809 temporum
2324 1759 2477 1797 iniurias

323 1842 453 1879 passus
483 1836 549 1873 est,
582 1842 665 1867 cum
689 1831 715 1868 C
746 1830 882 1879 ubique
914 1831 1101 1868 brevitatis
1131 1831 1322 1868 studiosus
1353 1831 1539 1868 interdum
1570 1843 1663 1880 quae
1693 1831 1725 1868 ei
1756 1831 1942 1880 superflua
1972 1842 2053 1868 esse
2073 1830 2285 1868 viderentur
2307 1830 2476 1869 consulto

323 1901 503 1943 omiserit,
533 1901 577 1937 cf.
603 1902 635 1945 1,
665 1902 724 1946 14,
755 1902 812 1938 15.
852 1900 901 1937 De
930 1901 1123 1950 scriptore,
1155 1901 1198 1937 ad
1229 1913 1340 1950 quem
1372 1906 1481 1950 caput
1512 1901 1648 1945 redeat,
1680 1901 1735 1938 vix
1764 1901 1961 1951 scrupulus
1992 1901 2079 1938 oriri
2109 1906 2250 1951 potest:
2281 1905 2347 1945 est,
2379 1900 2475 1938 sicut

324 1971 563 2009 Lambrosius
602 1972 714 2020 praes.
740 1971 803 2009 XII
841 1972 1038 2016 intellexit,
1081 1972 1354 2009 Timotheus
1391 1972 1608 2016 Gazaeus,
1653 1972 1756 2010 cuius
1800 1972 1844 2008 de
1887 1972 2108 2010 animalibus
2148 1972 2272 2021 operis
2315 1972 2473 2021 plurima

322 2043 531 2090 fragmenta
570 2042 675 2079 alteri
706 2043 998 2090 Aristophaneae
1036 2043 1218 2090 epitomae
1256 2041 1348 2078 libro
1388 2048 1510 2079 assuta
1550 2054 1630 2079 esse
1670 2048 1826 2079 constat.
1883 2041 1976 2079 Nam
2012 2043 2049 2080 in
2078 2042 2259 2091 excerptis
2290 2042 2474 2079 Timothei

322 2114 562 2160 Augustanis‚
608 2126 703 2161 quae
746 2113 791 2149 ab
835 2113 993 2161 Ilauptio
1037 2113 1133 2149 edita
1173 2118 1278 2154 sunt,
1324 2098 1494 2160 superest
1537 2113 1664 2161 capitis
1708 2118 1969 2160 argumentum
2006 2113 2107 2162 (epit.
2136 2111 2283 2156 XXVII,
2327 2112 2474 2161 Hauptii

322 2195 450 2232 opusc.
472 2182 633 2228 111289,
653 2182 735 2231 18):
769 2179 831 2220 ὃιι
863 2179 949 2220 ἆπό
979 2178 1199 2233 διαφόρων
1228 2180 1367 2221 ἐθνῶν
1396 2182 1478 2220 εἰσὶ
1509 2180 1709 2233 διάφοροι
1742 2185 1870 2221 ἵπποι
1901 2181 1989 2220 κατ’
2019 2179 2220 2234 ἆρετήνῑ).
2260 2182 2476 2232 ‘Oppianus‘

323 2265 427 2298 vero,
472 2254 515 2290 ad
547 2254 651 2291 cuius
681 2254 899 2303 Cynegetica
930 2253 946 2289 I
971 2253 1177 2290 158-367
1208 2254 1450 2290 Lambrosius
1480 2265 1548 2290 nos
1579 2254 1730 2300 relegat,
1773 2253 1946 2302 quoniam
1976 2253 2193 2290 Timotheus
2222 2259 2351 2302 poetae
2380 2253 2475 2290 illius

321 2325 425 2361 simia
456 2325 516 2367 sit,
547 2325 592 2360 de
622 2336 803 2372 equorum
835 2324 1034 2372 generibus
1065 2324 1173 2372 longe
1203 2325 1344 2362 diversa
1376 2326 1528 2372 profert,
1565 2336 1605 2361 ac
1635 2336 1681 2361 ne
1711 2324 1754 2362 iis
1784 2325 1934 2373 quidem
1965 2324 2065 2367 locis,
2104 2335 2199 2372 quos
2229 2335 2341 2373 supra
2370 2323 2476 2361 attuli

320 2393 374 2442 (3,
406 2393 440 2438 S,
473 2395 549 2440 14),
579 2396 685 2443 plane
715 2407 798 2432 cum
834 2401 959 2432 nostro
990 2395 1189 2432 consentit.
1230 2395 1329 2432 Idem
1361 2394 1471 2431 etiam
1504 2394 1618 2443 magis
1648 2394 1692 2431 de
1713 2394 1863 2432 Aeliano
1893 2400 1929 2432 et
1956 2393 2037 2444 ipso
2067 2405 2085 2431 a
2118 2393 2336 2431 Lambrosio
2365 2393 2474 2431 allato

321 2465 519 2502 dicendum
551 2471 618 2508 est,
649 2465 784 2515 quippe
815 2467 877 2515 qui
908 2466 942 2502 h.
964 2478 996 2503 a.
1020 2466 1055 2507 3,
1078 2465 1101 2501 2
1132 2466 1284 2514 paucula
1317 2466 1361 2502 de
1391 2465 1478 2501 solis
1509 2465 1615 2514 equis
1636 2464 1780 2514 Libycis
1808 2470 1845 2502 et
1864 2464 1979 2502 Medis
2011 2464 2193 2502 balbutire
2217 2464 2307 2502 satis
2328 2463 2474 2501 habeat.

502 2536 619 2583 Caput
648 2537 690 2572 ad
722 2537 959 2584 antiquorum
992 2549 1174 2585 equorum
1206 2548 1340 2583 genera
1372 2536 1578 2573 accuratius
1608 2548 1720 2584 quam
1751 2536 1870 2573 adhuc
1899 2537 2037 2573 sactum
2066 2542 2125 2573 est
2153 2535 2408 2583 cognoscenda
2438 2540 2475 2572 et

320 2608 417 2645 inter
446 2621 485 2645 se
516 2607 776 2656 distinguenda
809 2607 1046 2645 utilissimum
1078 2608 1157 2646 erit.
1220 2607 1366 2646 Etenim
1398 2607 1459 2656 qui
1491 2607 1611 2644 adhuc
1641 2608 1684 2645 de
1714 2607 1781 2645 hac
1810 2618 1850 2644 re
1888 2606 2117 2657 scripserunt
2146 2606 2213 2645 viri
2242 2605 2473 2656 amplissimi,

320 2690 404 2715 cum
427 2678 593 2715 Hehnius
614 2677 936 2727 (Kulturpssanzen
969 2679 1043 2715 und
1066 2677 1290 2715 Haustiere⁶
1314 2690 1348 2726 p.
1370 2661 1538 2721 19—55,
1569 2689 1662 2726 quae
1693 2688 1780 2714 sane
1810 2676 1880 2715 alio
1910 2678 2087 2726 tendunt)
2116 2683 2195 2715 tum
2219 2676 2473 2714 Schliebenius

320 2749 412 2791 (*I)ie
441 2748 574 2784 Pserde
605 2749 668 2785 des
695 2750 937 2786 Alterthums'
968 2762 999 2797 p.
1022 2749 1236 2796 <al—114),
1266 2761 1284 2785 a
1306 2749 1454 2795 Vegetio
1479 2748 1521 2784 VI
1543 2748 1566 2784 6
1597 2748 1748 2796 profecti
1778 2753 1884 2789 sunt,
1911 2759 2135 2797 quamquam
2167 2748 2197 2784 is
2227 2748 2271 2784 de
2300 2747 2473 2784 undecim

320 2831 501 2868 equorum
529 2820 744 2856 nationibus
774 2820 823 2856 nil
856 2821 973 2858 tradit,
1005 2820 1074 2856 nisi
1105 2826 1231 2856 utrum
1265 2819 1379 2866 magis
1407 2818 1554 2867 proeliis
1576 2824 1681 2867 aptae
1711 2820 1786 2856 sint
1816 2830 1863 2856 an
1893 2819 1990 2857 circo
2019 2829 2067 2855 an
2097 2817 2208 2861 sellis,
2239 2818 2473 2867 duarumque

320 2890 567 2935 (Pei-sicarum
600 2896 636 2929 et
665 2890 958 2938 Hunniscarum)
990 2893 1127 2927 forinas
1158 2889 1368 2928 accuratius
1399 2889 1584 2934 describit,
1614 2889 1658 2927 cf.
1681 2901 1792 2938 supra
1814 2901 1848 2938 p.
1869 2890 1928 2927 11.
1975 2889 2090 2927 Paulo
2120 2888 2293 2927 uberiora
2322 2888 2474 2937 praebet

501 3012 524 3049 l)
549 3011 647 3042 Forte
672 3009 800 3040 fortuna
826 3009 942 3041 sactum
967 3015 1028 3048 est,
1054 3015 1087 3040 ut
1111 3009 1273 3040 Timothei
1298 3013 1450 3050 excerpta
1477 3019 1493 3039 e
1518 3009 1627 3039 codice
1652 3009 1843 3039 Bai-occiano
1867 3018 1884 3039 ι
1910 3010 2060 3039 (Ji-amero
2084 3008 2168 3039 edita
2193 3009 2253 3039 An.
2271 3006 2467 3039 0x.1V.263

318 3067 361 3096 ibi
385 3076 401 3096 a
427 3066 531 3106 capite
557 3066 721 3107 proposito
749 3076 806 3095 uon
833 3065 977 3096 seiuncta
1002 3065 1068 3095 sint
1093 3064 1154 3096 uisi
1180 3064 1289 3104 paucis
1309 3063 1494 3105 physiologi
1519 3062 1669 3094 frustulis
1695 3074 1721 3105 p.
1737 3063 1915 3095 258—263.
1947 3062 1992 3095 Cf.
2010 3073 2038 3104 p.
2055 3063 2093 3093 25
2111 3073 2182 3092 ann.
2198 3062 2214 3093 2
2230 3071 2336 3103 supra.
