2782 3269
1250 91 1501 126 —7—

306 210 401 248 quae
431 204 468 236 et
496 199 534 236 in
564 198 591 235 C
620 204 658 235 et
684 199 724 236 in
754 199 784 236 G
821 199 1076 245 inveniuntur,
1114 199 1211 235 inter
1248 209 1328 235 sese
1366 209 1638 246 comparamus.
1699 202 1820 246 Atque
1859 199 2018 246 primum
2059 200 2207 247 quidem
2246 200 2450 248 quaeritur.

303 281 395 308 num
425 270 533 308 etiam
564 281 629 307 eae
658 269 787 318 capitis
816 268 1128 317 Cantabrigiensis
1157 268 1370 318 particulae,
1400 279 1493 316 quae
1522 268 1559 304 in
1580 267 1609 304 G
1639 268 1911 311 desiderantur,
1938 270 1982 307 ad
2005 269 2229 314 Anatolium,
2259 275 2449 308 auctorem

303 339 566 386 clarissimum,
610 338 775 378 redeant.
832 339 873 377 ln
908 338 939 377 G
977 343 1102 377 autem
1135 343 1399 388 argumentum
1441 337 1674 375 decurtatum
1719 349 1799 376 esse
1842 337 1922 388 ipse
1964 338 2183 388 compilator
2225 339 2448 389 significasse

302 410 424 448 addita
455 409 601 448 videtur
634 409 877 459 inscriptione
900 406 954 447 Ἀ.
988 422 1032 447 π.
1063 405 1225 459 ἡλικίας
1254 406 1354 445 κτλ.;
1398 407 1515 446 voluit
1546 418 1632 455 ergo
1661 419 1701 445 ea
1731 409 1809 445 sola
1836 420 1930 457 quae
1958 409 2001 445 ad
2033 414 2180 457 tempus
2210 410 2448 447 admissionis

304 481 514 531 pertineant
543 480 764 524 exscribere,
793 480 864 517 etsi
893 479 964 517 sibi
994 491 1068 517 non
1099 478 1237 528 ubique
1267 478 1444 516 constitit.
1486 478 1592 516 lnitio
1613 478 1760 528 quidem
1789 490 1882 528 quae
1911 479 1956 516 de
1986 478 2200 517 admissario
2230 478 2324 516 dicta
2355 480 2393 516 in
2422 480 2449 516 C

301 557 447 589 servata
476 555 578 595 sunt,
606 550 779 588 consulto
809 549 1000 598 praeteriit
1029 548 1220 599 prooemio
1240 547 1418 586 vilissimo
1449 560 1538 586 usus
1568 560 1688 598 neque
1717 549 1989 586 sententiarum
2021 559 2201 586 conexum
2223 559 2369 586 curans.
2411 549 2450 586 ln

302 621 329 659 C
359 632 444 659 vero
473 619 620 658 initium
660 619 793 670 capitis
831 619 1036 669 genuinum
1077 629 1158 656 esse
1189 618 1245 656 vel
1274 629 1316 656 ex
1347 618 1407 656 illo
1447 616 1538 657 οἷον
1566 613 1871 669 προειρήκαμεν
1898 619 2066 664 efficitur,
2110 619 2207 668 quod
2249 618 2285 654 in
2325 624 2450 656 nostra

302 691 520 729 collectione
563 689 765 727 absurdum
807 695 882 727 est:
925 689 1062 727 frustra
1099 689 1196 726 enim
1238 700 1321 725 eum
1363 689 1483 726 locum
1523 689 1559 726 in
1595 689 1804 738 fragmento
1835 689 1954 739 primo
1983 689 2216 738 quaerimus,
2262 690 2376 727 immo
2405 691 2449 726 ad

301 764 555 811 fragmentum
586 766 731 798 sextum
762 760 916 798 tendere
945 760 1106 804 videtur,
1147 764 1276 809 utpote
1314 759 1352 796 in
1390 772 1463 810 quo
1498 759 1773 799 accuratissime
1803 759 1847 798 de
1876 759 1960 810 equi
1989 761 2106 797 forma
2137 761 2277 809 optima
2308 766 2447 809 agatur.

303 831 420 870 Porro
450 843 485 882 p.
507 832 550 876 5,
572 830 726 868 10—15
756 830 928 868 Anatolio
958 830 1160 875 vindicem,
1204 830 1287 880 quia
1331 831 1475 880 egregie
1510 830 1554 867 ad
1590 841 1669 867 rem
1705 829 1845 868 faciunt
1882 836 1918 867 et
1957 830 1981 866 l.
2008 830 2051 867 15
2082 829 2175 874 τους
2204 829 2250 868 δὲ
2279 828 2451 880 ἄρρενας

302 902 442 952 opponi
471 898 665 951 θηλείαις
695 904 847 945 ἵπποις
884 901 921 937 in
950 901 1148 950 propatulo
1177 908 1251 945 est,
1293 912 1380 938 nam
1409 901 1438 938 G
1468 902 1503 938 in
1534 913 1603 938 suo
1633 907 1805 949 perstans
1835 901 2007 943 consilio,
2047 902 2182 949 quippe
2217 902 2280 950 qui
2309 902 2355 938 de
2385 902 2451 937 ad-

303 971 492 1009 missionis
521 977 690 1020 tempore
718 972 797 1008 solo
827 971 1017 1008 locuturus
1047 971 1105 1014 sit,
1137 971 1194 1008 illa
1225 971 1485 1019 praetermisit.
1526 972 1548 1008 l.
1570 971 1620 1008 27
1637 964 1719 1019 sqq.
1740 983 1757 1007 a
1780 970 1809 1007 G
1839 977 2025 1008 contracta
2061 983 2143 1009 esse
2173 984 2216 1009 ex
2237 970 2360 1009 verbis
2381 971 2447 1008 καὶ

302 1041 340 1079 εἴ
368 1054 408 1079 τι
439 1038 539 1079 ἄλλο
568 1038 674 1091 πρὸς
703 1038 943 1090 ἐπιθυμίαν
971 1037 1195 1079 ἐπακτικόν
1224 1051 1258 1090 p.
1275 1039 1312 1085 6,
1333 1039 1357 1077 6
1387 1040 1528 1090 colligo.
1588 1052 1621 1090 p.
1644 1039 1682 1083 6,
1706 1037 1861 1076 12-18
1893 1050 1969 1077 non
1997 1039 2150 1078 dubium
2183 1046 2250 1085 est,
2286 1040 2375 1090 quin
2406 1051 2447 1076 ex

301 1110 472 1148 Anatolio
503 1110 754 1159 profluxerint,
781 1110 956 1160 quoniam
979 1110 1097 1148 verbis
1118 1107 1181 1154 οἷς
1208 1107 1279 1147 ἐπὶ
1309 1110 1390 1147 τῶν
1409 1100 1520 1158 βοῶν
1542 1111 1786 1159 προείρηται
1807 1111 2006 1159 χρηστέον
2026 1112 2070 1147 ad
2101 1112 2212 1148 talem
2244 1112 2451 1159 relegamur

301 1181 443 1226 locum,
485 1180 603 1230 qualis
645 1192 753 1229 aegre
796 1181 834 1218 in
864 1180 890 1218 C
928 1186 964 1219 et
1007 1181 1044 1218 in
1087 1179 1214 1230 quavis
1255 1179 1556 1230 hippiatricorum
1601 1179 1818 1217 collectione
1859 1185 1983 1217 extare
2029 1181 2170 1229 potuit:
2215 1181 2378 1218 remedia
2408 1192 2449 1217 ea

302 1251 513 1289 invenimus
542 1251 655 1300 Geop.
684 1251 779 1289 XVll
801 1252 824 1288 5
860 1257 895 1289 et
924 1251 1063 1289 Aeliani
1103 1252 1139 1288 h.
1169 1264 1198 1289 a.
1229 1250 1265 1295 9,
1288 1250 1350 1289 48.
1408 1251 1601 1289 Anatolius
1639 1261 1747 1298 ergo,
1788 1250 1887 1287 sieut
1918 1251 2030 1288 Varro
2062 1251 2092 1288 ΙΙ
2120 1253 2143 1288 5
2183 1257 2220 1289 et
2249 1251 2448 1289 Columella

301 1322 346 1359 vt
369 1321 516 1366 1-26,
546 1321 591 1358 de
621 1321 739 1359 bubus
769 1323 949 1371 primum,
980 1322 1114 1359 deinde
1144 1322 1189 1358 de
1218 1321 1323 1369 equis
1352 1327 1493 1369 egerat,
1528 1333 1611 1358 cum
1643 1321 1680 1357 in
1711 1320 1955 1369 Geoponicis,
1987 1333 2146 1370 quorum
2180 1322 2335 1359 maxima
2365 1333 2449 1371 pars

304 1405 348 1430 ex
367 1392 524 1430 Anatolii
553 1403 664 1441 opere
693 1393 825 1430 hausta
845 1400 913 1436 est,
942 1392 1035 1430 libro
1055 1392 1135 1430 XVI
1154 1394 1250 1442 equi,
1280 1391 1371 1430 libro
1392 1391 1486 1430 XVll
1516 1392 1626 1429 boves
1656 1398 1871 1430 tractentur.
1913 1390 1951 1428 P.
1966 1391 2003 1434 6,
2022 1391 2153 1430 2—12
2184 1405 2278 1442 quae
2309 1398 2451 1430 restant

303 1462 425 1500 omnia
465 1474 482 1500 a
523 1462 654 1500 ceteris
696 1474 771 1500 non
811 1463 1011 1501 divellenda
1050 1474 1131 1500 esse
1171 1462 1239 1501 etsi
1279 1461 1468 1512 probabile
1506 1467 1582 1505 est,
1625 1461 1669 1499 ad
1702 1461 1912 1500 Anatolium
1944 1462 2065 1500 redire
2095 1474 2169 1501 non
2200 1462 2449 1501 demonstrari

303 1538 438 1583 potest.
495 1532 622 1582 Neque
651 1533 846 1583 quisquam
878 1533 985 1571 verba
1016 1531 1173 1571 εἰδέναι
1196 1561 1203 1569 .
1226 1560 1235 1569 .
1258 1561 1266 1569 .
1289 1529 1449 1584 ἀδελφῇ
1479 1533 1508 1569 si
1540 1533 1725 1575 deessent,
1766 1532 2002 1571 desideraret.
2060 1534 2105 1571 At
2134 1533 2446 1570 considerandum

302 1604 514 1641 Anatolium
535 1604 656 1651 ipsum
677 1604 918 1640 rudissimum
941 1604 1221 1651 compilatorem
1243 1604 1368 1645 fuisse,
1400 1603 1462 1650 qui
1484 1616 1518 1652 p.
1536 1604 1573 1646 5,
1589 1602 1747 1640 24—26
1769 1611 1804 1640 et
1826 1605 1848 1641 l.
1867 1603 1915 1640 27
1929 1617 1985 1652 sq.
2007 1612 2198 1652 praecepta
2221 1605 2329 1653 plane
2350 1605 2448 1640 inter

303 1685 343 1712 se
372 1672 556 1711 contraria
587 1684 664 1711 uno
695 1678 824 1712 tenore
854 1672 1022 1722 proferre
1053 1683 1129 1711 non
1159 1671 1392 1715 dubitaverit,
1422 1672 1467 1711 cf.
1497 1671 1542 1727 M.
1575 1671 1642 1711 Rh.
1675 1672 1737 1718 45,
1759 1672 1835 1711 212
1853 1685 1935 1724 sqq.

484 1743 587 1789 Quae
615 1743 650 1781 in
674 1744 703 1781 G
731 1744 810 1782 solo
831 1743 1029 1781 traduntur
1049 1743 1207 1781 Anatolii
1229 1743 1336 1780 verba
1366 1743 1580 1793 appendicis
1610 1743 1690 1781 loco
1720 1744 1827 1782 addo.
1867 1744 1955 1782 Post
1982 1741 2154 1794 ὡρίσθω
2187 1757 2219 1794 p.
2242 1745 2278 1789 5,
2300 1744 2323 1782 8
2349 1744 2447 1781 enim

303 1814 490 1863 pergitur·
521 1813 850 1864 ἐπιγνωσόμεθα
880 1813 926 1851 δὲ
955 1813 1027 1864 τήν
1055 1811 1223 1863 ηλικίαν
1251 1810 1324 1851 οὐκ
1352 1811 1439 1850 ἀπὸ
1469 1815 1549 1851 τῶν
1579 1812 1653 1851 ὁδ’
1658 1827 1762 1852 ντων
1790 1815 1933 1863 μόνον,
1964 1812 2065 1865 αὕτη
2085 1815 2163 1863 γὰρ
2184 1812 2256 1852 οὐκ
2278 1812 2449 1864 ἆκριβης

305 1882 357 1922 ἂν
385 1884 448 1934 εἴη
477 1882 719 1933 δοκιμασία.
776 1881 824 1923 οὗ
852 1884 930 1935 γὰρ
960 1899 1000 1923 οι
1031 1881 1195 1929 ὀδόντες
1228 1883 1300 1935 τὴν
1328 1880 1494 1934 ἡλικίαν
1521 1881 1707 1934 δηλοῦσι.
1764 1883 1871 1929 τινὲς
1911 1883 1957 1922 δὲ
1995 1884 2063 1922 καὶ
2097 1883 2140 1922 ἐκ
2169 1886 2249 1922 τῶν
2276 1883 2450 1931 γνάθων

306 1952 598 2006 δοκιμάζουσι,
638 1969 706 1993 και
741 1954 779 1993 εἰ
807 1954 882 2005 μὲν
914 1955 959 1993 τὸ
989 1953 1122 2006 δέρμα
1150 1951 1283 2006 ἀρθὲν
1312 1955 1442 2001 (immo
1472 1950 1641 2005 ἄρθείη)
1671 1950 1845 2000 εὖκολως
1874 1955 1947 1993 τοῦ
1975 1954 2129 1994 λοιποῦ
2159 1953 2348 2005 σώματος
2378 1953 2451 1993 διὰ

304 2025 440 2076 χειρὸς
469 2025 539 2064 καὶ
569 2023 806 2077 ἀφαιρεθὲν
826 2022 957 2071 αὖθις
984 2023 1217 2064 ἐπανέλθοι
1248 2023 1418 2076 ῥᾳδίως,
1449 2025 1542 2063 νέον
1561 2021 1686 2064 αὐτὸν
1706 2020 2036 2077 ἀποφαίνουσιν,
2069 2025 2106 2062 ει
2125 2024 2171 2063 δὲ
2192 2024 2451 2074 ἐπαρθέντος

304 2095 377 2135 τοῦ
407 2094 608 2147 δέρματος
636 2094 822 2147 βραδέως
851 2094 1028 2150 κολλήσῃ
1058 2093 1102 2134 ἐν
1130 2096 1178 2150 τῇ
1207 2096 1344 2146 σαρκί,
1373 2096 1545 2145 γέροντα
1573 2091 1700 2134 αὐτὸν
1728 2094 2083 2145 διαβεβαιοῦνται.
2141 2095 2310 2140 Quocum
2342 2096 2449 2134 velim

306 2166 473 2205 conferas
503 2167 650 2204 Aristot.
683 2166 717 2203 b.
746 2179 778 2204 a.
812 2165 855 2203 VI
874 2166 924 2203 25
963 2164 1015 2203 τὰ
1051 2165 1098 2204 δὲ
1136 2166 1208 2203 νέα
1246 2165 1314 2203 καὶ
1343 2165 1394 2203 τὰ
1423 2163 1586 2203 παλαιὰ
1617 2163 1850 2215 τετράποδα
1879 2163 2253 2213 διαγιγνώσκουσιν
2282 2163 2322 2203 οἳ
2353 2166 2449 2215 περὶ

303 2235 375 2281 τὰς
413 2237 650 2285 θεραπείας
687 2234 800 2280 ὄντες
839 2232 990 2273 αὐτῶν·
1036 2234 1109 2274 ἐὰν
1136 2235 1211 2286 μὲν
1239 2232 1326 2273 ἀπὸ
1364 2236 1434 2286 τῆς
1472 2234 1635 2283 γνάθου
1664 2235 1710 2274 τὸ
1740 2234 1871 2285 δέρμα
1903 2233 2177 2286 ἐφελκόμενον
2205 2235 2304 2283 ταχυ
2333 2234 2447 2285 ἐπίῃ,

306 2307 398 2345 νέον
426 2306 472 2344 τὸ
510 2304 755 2355 τετράπουν,
795 2304 869 2343 ἐὰν
896 2303 943 2344 δὲ
979 2304 1113 2344 πολύν
1139 2303 1286 2356 χρόνον
1313 2306 1414 2358 μένῃ
1452 2304 1791 2356 ἐρρυτιδωμένον,
1821 2304 2017 2344 παλαιόν.
2074 2306 2184 2344 Valde
2214 2307 2348 2344 mirum
2380 2313 2447 2350 est,

305 2378 406 2429 quod
436 2377 628 2415 Anatolius
672 2377 805 2415 ceteris
848 2376 1010 2427 antiquis
1052 2376 1265 2415 auctoribus
1308 2377 1514 2426 refragatus
1558 2389 1577 2414 e
1607 2376 1781 2415 dentibus
1812 2377 1896 2427 equi
1939 2383 2095 2414 aetatem
2137 2377 2310 2425 cognosci
2340 2388 2448 2426 posse

305 2455 427 2498 negat.
484 2449 686 2497 Praecepta
716 2448 822 2485 allata
853 2454 928 2486 tam
960 2447 1199 2497 neglegenter
1228 2447 1479 2497 conglutinare
1509 2448 1642 2485 miselli
1672 2448 1741 2485 fuit
1770 2448 2019 2485 sarcinatoris.

1329 2599 1425 2648 m

963 2686 989 2730 ὓ
1018 2699 1053 2736 p.
1074 2688 1110 2725 4.
1159 2687 1356 2726 Κυουσῶν
1386 2689 1529 2726 ἵππων
1557 2685 1789 2737 ἐπιμέλεια.

476 2782 597 2826 Ὅταν
640 2782 687 2822 δὲ
730 2780 1010 2834 πληρωθῶσι,
1055 2784 1307 2834 προνοητέον
1349 2779 1474 2821 ὕδασι
1516 2789 1603 2828 τοῖς
1647 2783 1876 2835 συνήθεσιν
1905 2781 2031 2830 αὐτὰς
2061 2783 2248 2830 ποτίζειν
2277 2790 2347 2824 καὶ
2375 2782 2451 2837 τήν

305 2851 435 2904 ὁρμήν
477 2852 644 2899 ἐπέχειν
685 2855 765 2892 τῶν
806 2852 1018 2905 ἐκδρομῶν
1058 2855 1128 2891 καὶ
1170 2854 1239 2904 τῆς
1281 2852 1385 2903 πρὸς
1427 2850 1606 2904 ἀλλήλας
1635 2853 1933 2905 διατρίψεως*.
1991 2855 2073 2906 πρὸ
2105 2855 2259 2900 παντὸς
2288 2854 2333 2893 δὲ
2363 2853 2448 2893 ἀπὸ

303 2923 465 2975 ψύχους
494 2925 563 2963 καὶ
593 2922 748 2975 ἀνέμου
777 2923 1004 2975 φυλακτέον
1032 2920 1159 2968 αὐτὰς
1187 2923 1256 2961 καὶ
1285 2924 1455 2974 ταρίχου
1485 2921 1617 2962 ὀπτοῦ
1638 2921 1880 2976 ὀσφρήσεως
1899 2926 1968 2963 καὶ
1989 2927 2253 2976 σβεσθέντων
2273 2924 2448 2974 λύχνων,

484 3037 504 3067 4
536 3030 684 3078 λύχνωνε
719 3036 758 3067 cf.
783 3016 885 3067 Arist.
910 3036 940 3065 h.
964 3046 993 3067 ι.
1018 3035 1048 3075 8,
1071 3035 1112 3066 24
1135 3046 1163 3076 p.
1181 3035 1279 3073 Gon»,
1297 3035 1337 3065 30
1370 3031 1518 3074 ἐκβάλλει
1552 3034 1588 3067 δὲ
1621 3031 1750 3067 κύουσα
1784 3036 1891 3071 ἵππος
1924 3033 2038 3078 ὀσμὴν
2060 3038 2167 3074 (immo
2192 3035 2299 3080 ὀσμῇ)
2323 3032 2448 3077 λύχνου

304 3087 626 3133 ἀποσβεννυμένους
652 3089 691 3122 cf.
717 3091 831 3122 Aelian
857 3091 886 3122 h.
910 3100 938 3122 a.
962 3089 1008 3121 lx
1025 3091 1077 3130 54,
1101 3090 1267 3122 Hierocles
1291 3089 1372 3131 apud
1397 3087 1425 3119 G
1450 3099 1478 3130 p.
1496 3088 1546 3128 58,
1564 3089 1622 3127 243
1647 3089 1802 3132 Porphyr.
1828 3092 1866 3121 de
1888 3091 1969 3123 abst.
1995 3090 2032 3123 lll
2052 3092 2086 3129 73
2110 3090 2190 3122 Plin.
2217 3091 2247 3130 7,
2270 3091 2321 3122 43.
