2782 3269
281 872 319 903 10

279 1222 316 1253 15

275 1574 315 1604 20

278 1926 318 1956 25

225 2004 258 2040 p.
283 1992 305 2027 4

1327 127 1573 164 -6-

365 236 457 276 ταῖς
498 229 651 282 ψήξεσι
696 230 825 282 μόνον
853 225 964 272 α’λλοὶ
1005 234 1074 272 καὶ
1103 234 1320 286 χρώματος
1348 234 1411 275 ἐν·
1482 235 1641 274 θᾶττον
1669 233 1922 284 ἐπείγεσθαι
1953 231 2093 286 ῶσπερ
2121 235 2170 290 τῇ
2189 233 2375 287 ῥυπαρία
2395 232 2520 288 αὐτῆς

366 302 509 353 τρίψει
539 301 847 353 ἐπικοσμοῦσιν
866 300 1004 350 αὐτάς.
1044 303 1163 343 ἄλλοι
1194 304 1411 357 ζωγραφή-
1480 307 1648 355 χαίρων.
1723 305 1832 351 τινες
1877 304 1925 344 δὲ
1975 303 2258 357 ἐπετήδευσαν
2302 303 2523 356 ἐρωτικοὺς

368 381 514 417 σαντες
528 376 687 418 ἵππους
700 370 1012 419 εὐειδεστάτους
1028 376 1125 424 περὶ
1138 376 1210 414 τὸν
1229 374 1244 427 ΙΙ
1265 376 1411 425 καιρὸν
1480 375 1576 420 τοὺς
1606 379 1765 421 ἵππους
1794 376 1901 427 πρὸς
1931 377 2001 422 τὰς
2029 376 2206 428 θηλείας
2241 375 2421 428 ποιῆσαι
2451 375 2521 414 καὶ

365 442 435 492 τῆς
462 439 602 491 ὀχείας
631 448 722 488 ταῖς
750 439 965 494 φορβάσιν
993 443 1308 484 ἐπιδεικνύουσι
1339 459 1409 484 πι-
1480 446 1710 496 κοσμοῦσιν
1738 443 1864 492 αὐτὰς
1892 445 2032 500 κόσμῳ
2060 446 2128 486 καὶ
2148 443 2235 486 ἀπὸ
2253 445 2336 485 τῶν
2355 444 2522 486 οἰκείων

367 510 578 557 στεύοντες
607 510 986 564 ἇποτεχθήσεσθαι
1015 513 1185 561 τούτους
1207 519 1409 566 οἵουσπερ
1479 515 1630 566 τριχῶν
1658 515 1728 553 καὶ
1756 514 1900 561 ἄλλοις
1924 516 2192 568 περικαλλέσι
2213 514 2451 568 πετάσμασι
2473 515 2521 565 (G

366 578 388 631 ἡ
418 580 539 619 εἰκών
567 583 710 632 φέρει,
752 580 872 621 ἄλλοι
912 583 959 622 δὲ
996 585 1236 635 βιβάζοντες
1272 589 1410 625 ἵππον
1480 586 1571 623 falso
1602 584 1867 635 πηκάσμασι)
1896 588 1966 625 καὶ
2005 589 2044 626 εἴ
2080 603 2120 626 τι
2150 585 2250 627 ἄλλο
2280 585 2385 638 πρὸς
2422 585 2521 625 ἐπι-

365 654 503 701 ἕτερον
520 649 688 690 ἱστᾶσιν
708 650 899 705 εὐπρεπῆ
920 651 1090 706 ἀντικρὺ
1109 656 1156 695 τὸ
1178 654 1409 707 πρόσωπον
1479 657 1643 706 θυμίαν
1671 653 1908 696 ἐπακτικόν.

364 721 688 773 κεκαλυμμένον,
729 722 779 762 ἵν’
810 722 966 764 ἐκείνου
993 724 1040 764 τὸ
1070 723 1220 772 κάλλος
1250 727 1308 773 εἰς
1336 726 1409 779 τὴν

365 792 483 831 ἰδέαν
511 791 738 848 ἕκτυπωθῇ
766 795 839 833 τοῦ
868 797 1192 846 τεχθησομένου.

449 863 620 903 Εἶδέναι
660 863 706 903 δὲ
734 866 826 916 χρή,
867 863 920 912 ὥς
957 863 1121 918 εὐγενὴς
1152 870 1285 913 ἵππος
1315 865 1408 907 οὔτε
1566 869 1612 902 Cl'.
1632 870 1734 902 Varro
1751 869 1777 903 ΙΙ
1794 872 1822 910 7,
1841 872 1877 910 93
1902 871 2000 904 aliter
2017 871 2218 904 Aristoteles
2242 870 2277 903 ll.
2295 866 2520 911 ἀναβαίνουσι

363 934 486 985 μητρὶ
516 935 709 984 μίγνυται
741 933 836 974 οὔτε
864 933 1038 991 ἀδελφῇ.
1480 924 1516 956 δὲ
1540 926 1597 956 καὶ
1617 923 1675 957 ἐπὶ
1697 922 1754 960 τὰς
1767 925 1915 969 μητέρας
1929 926 1962 956 οἵ
1976 925 2080 957 ἵπποι
2096 926 2154 955 καὶ
2169 923 2225 955 ἐπὶ
2242 922 2303 958 τὰς
2317 926 2520 966 θυγατέρας.

443 999 629 1055 Θήλειαν
667 1004 713 1042 δὲ
748 1003 769 1055 ἡ
801 1006 963 1055 φορβὰς
992 1005 1295 1057 συλλαμβάνει,
1336 1006 1409 1045 ἐὰν
1565 1011 1612 1042 Cf.
1638 1013 1775 1042 Aristot.
1801 1013 1839 1043 de
1862 1021 1933 1051 gen.
1958 1022 2007 1043 an.
2030 1012 2071 1042 lv
2090 1012 2128 1051 2,
2161 1012 2191 1043 h.
2215 1021 2244 1041 a.
2269 1011 2384 1048 Vl163
2420 1011 2517 1051 Geop.

363 1073 467 1123 πρὸς
487 1072 610 1112 δύσιν
630 1072 851 1126 ὄχευομένη
873 1075 1025 1128 βλέπῃ,
1047 1075 1198 1127 ἄρρενα
1218 1076 1266 1115 δέ
1285 1076 1407 1128 (ἐὰν)
1480 1065 1666 1105 xx'116‚3;
1694 1064 1789 1097 ΧΙΙΧ
1806 1066 1837 1105 3,
1853 1065 1890 1104 63
1914 1064 1996 1097 Plin.
2021 1076 2050 1097 n.
2074 1066 2103 1097 h.
2129 1064 2197 1097 Vlll
2218 1064 2276 1097 189
2300 1064 2392 1096 alios.

362 1142 467 1193 πρὸς
482 1141 700 1196 ἀνατολὴν.
732 1142 833 1183 ὅταν
854 1144 898 1184 δ’
916 1142 1222 1198 ἀναβιβάζηται
1244 1141 1316 1185 ἐπὶ
1337 1146 1410 1198 τήν

364 1218 501 1253 ἵππον
530 1212 551 1253 ὁ
573 1213 720 1266 ἄρσην,
751 1217 960 1266 κειρέσθω
981 1213 1106 1268 αὐτῆς
1130 1218 1211 1256 τῶν
1230 1215 1411 1268 οὐραίων

361 1285 513 1334 τριχῶν
555 1282 601 1323 τό
646 1284 797 1325 λάσιον
833 1286 880 1325 τὸ
920 1287 1017 1338 περὶ
1055 1287 1108 1325 τὰ
1157 1286 1315 1326 αἶδοῖα.
1373 1288 1411 1326 εἰ

363 1354 397 1394 δ’
429 1352 671 1406 ἀπείργοιεν
711 1353 735 1408 ἢ
765 1353 1042 1409 ἆφηνιάζοιεν
1078 1356 1183 1409 πρὸς
1211 1356 1286 1409 την
1315 1368 1409 1397 συν-

363 1429 525 1474 ουσίαν,
541 1425 615 1472 οἷς
635 1426 829 1466 ἐπὶτῶν
843 1429 972 1477 βοῶν
988 1430 1290 1479 προείρηται
1311 1442 1409 1479 χρη-

362 1499 494 1536 στέον.
552 1497 627 1536 ἐὰν
670 1497 715 1535 δὲ
758 1497 862 1550 μηδ’
898 1496 1027 1543 οὕτως
1066 1500 1293 1549 προσίηται
1338 1497 1410 1536 τὸν
1560 1501 1632 1539 ἐὰν
1653 1501 1698 1539 δὲ
1727 1502 1782 1552 μη
1804 1503 2030 1553 προσίηται
2052 1500 2124 1539 τὸν
2145 1498 2322 1552 ἵππονὴ
2344 1499 2516 1553 θήλεια,

363 1572 500 1607 ἵππον
530 1566 551 1619 ἡ
584 1566 761 1619 θήλεια,
807 1571 947 1619 νίτρον
988 1569 1057 1607 καὶ
1102 1566 1288 1620 ὀρνίθων
1329 1570 1409 1608 τῶν
1479 1573 1619 1623 νίτρον
1648 1571 1718 1610 καὶ
1748 1568 1934 1623 ὀρνίθων
1962 1571 2044 1611 τῶν
2071 1571 2231 1623 μικρῶν
2254 1557 2412 1623 κόπρον
2441 1571 2518 1612 σὺν

360 1638 515 1688 μικρῶν
543 1636 704 1687 κόπρον
742 1635 822 1677 σῠν
850 1637 991 1689 ῥητίνῃ
1031 1640 1297 1689 τερεβινθίνῃ
1336 1652 1407 1688 μι-
1478 1641 1617 1693 ῥητίνη
1663 1643 1931 1692 τερεβινθίνῃ
1978 1643 2136 1692 τρίψας
2181 1641 2234 1678 τὰ
2271 1641 2400 1692 μόρια
2446 1643 2516 1692 τῆς

360 1711 479 1746 κτέον
509 1738 516 1745 .
540 1738 548 1745 .
571 1738 579 1745 .
616 1707 640 1759 ἢ
684 1707 828 1759 σκίλλῃ
870 1708 1010 1758 μόνον.
1073 1708 1180 1746 ἐπὰν
1222 1709 1262 1746 δ’
1293 1706 1409 1752 α’παξ
1479 1716 1617 1750 ἵππου
1663 1711 1843 1762 ἐπίχριε,
1893 1710 2036 1762 πολλῷ
2078 1710 2125 1750 δὲ
2167 1711 2327 1762 μᾶλλον
2370 1711 2514 1763 σκίλλῃ

361 1777 591 1828 ὀχευθεῖσα
620 1779 675 1830 μή
698 1781 942 1831 προσίηται,
975 1778 1234 1830 ὑπερθετέον
1254 1776 1407 1831 ἡμέρας
1478 1784 1688 1833 περίχριε,
1732 1779 1990 1833 εὖκολωτέρα
2029 1782 2107 1831 γὰρ
2154 1781 2365 1835 (γίνεται)
2411 1781 2516 1834 πρὸς

362 1847 440 1900 <ι’>
465 1849 534 1887 καὶ
555 1845 691 1887 πάλιν
706 1846 853 1895 αὐταῖς
873 1849 966 1895 τους
984 1852 1142 1895 ἵππους
1159 1848 1405 1901 ἐπαφετέον,
1477 1850 1618 1902 ὀχείαν
1647 1850 1670 1904 ἡ
1697 1855 1844 1898 ἵππος.
1884 1851 1958 1890 ἐὰν
1986 1850 2032 1890 δὲ
2062 1849 2178 1897 ἅπαξ
2206 1849 2433 1901 ὀχευθεῖσα
2459 1852 2515 1904 μὴ

363 1919 436 1958 ἐὰν
492 1919 537 1958 δὲ
603 1918 702 1971 μηδ’
760 1916 812 1965 ὦς
868 1917 1117 1969 ἀνέχωνται,
1182 1922 1407 1971 χωριστέον
1477 1925 1704 1974 προσίηται
1722 1920 1864 1969 πάλιν,
1882 1920 2136 1972 ὑπερθετέον
2152 1921 2303 1974 ἡμέρας
2319 1920 2352 1961 κ’
2363 1923 2516 1973 (rectius

359 1989 486 2035 αὐτὰς
506 1989 522 2039 ΙΙ
543 1988 816 2034 πιστεύοντας
846 1988 922 2040 ἤδη
952 1987 1180 2040 ἐγκύμονας
1209 1991 1327 2028 εἶναι.
1478 1992 1505 2031 ι’
1540 2006 1583 2031 ex
1613 1994 1744 2042 Geop.)
1774 1993 1844 2030 καὶ
1885 1990 2016 2031 πάλιν
2053 1991 2297 2043 ἐπαφετέον.
2359 1992 2433 2031 ἐὰν
2471 1991 2517 2031 δὲ

1477 2062 1581 2114 μηδὲ
1598 2059 1725 2107 οὕτως
1746 2060 1957 2113 ἀνέχηται,
1973 2060 2120 2112 χώριζε
2139 2060 2293 2102 λοιπὸν
2306 2061 2517 2102 πιστεύων

448 2152 464 2180 7
488 2150 634 2180 ἱστῶσιν
724 2151 742 2179 9
771 2148 885 2180 εἰδέαν
977 2149 1013 2179 12
1046 2135 1135 2188 θήλῖἐι
1227 2151 1264 2179 15
1300 2147 1408 2191 ἄρσεν
1477 2131 1683 2181 ἐγκύμονα
1713 2134 1835 2171 εἶναι·

363 2206 397 2234 17
425 2201 637 2246 ἀπείργοιαν
656 2203 661 2243 l
681 2199 879 2245 ἇφηνίζοιεν
927 2203 965 2234 19
988 2205 1167 2245 προσίεται
1186 2200 1247 2242 τὴν
1291 2204 1329 2235 21
1350 2204 1407 2234 καὶ
1563 2201 1609 2234 Cl‘.
1635 2202 1732 2243 Geop.
1760 2202 1833 2233 XVI
1854 2204 1880 2241 1,
1901 2202 1919 2232 5
1956 2199 2018 2234 ἐὰν
2053 2200 2090 2233 δὲ
2124 2199 2221 2239 ἅπαξ
2240 2205 2447 2243 βιβαοθεῖσα
2469 2202 2517 2245 μὶ

357 2260 534 2298 τερεβίνθη
556 2256 559 2297 Ι
579 2258 735 2297 μικτέονε
760 2267 821 2287 sec.
838 2257 1025 2288 Anatolium
1043 2258 1154 2298 supple
1171 2258 1228 2287 καὶ
1243 2254 1282 2287 τὰ
1298 2254 1405 2298 μόρια
1477 2259 1666 2297 προσίηται
1700 2254 1760 2287 τὸν
1783 2253 1926 2299 ἄρρενα,
1959 2253 2047 2297 μετὰ
2077 2250 2098 2286 ι’
2123 2254 2251 2301 ἡμέρας
2275 2252 2384 2288 πάλιν
2406 2266 2516 2299 προσ-

358 2311 413 2350 τῆς
436 2311 547 2342 ἵππου
561 2310 786 2351 ἐπιχριστέον
841 2311 882 2341 23
906 2313 1088 2353 προσίεται
1148 2311 1188 2341 24
1211 2310 1407 2352 ἐπαφητέον
1477 2311 1596 2342 ακτέον
1630 2308 1724 2353 αὐτῇ.
1769 2307 1831 2341 ἐὰν
1854 2309 1891 2341 δὲ
1917 2309 2003 2351 μηδὲ
2028 2306 2117 2341 οὕτω
2141 2309 2389 2353 προσδέξηται,
2423 2309 2514 2342 ἀπο-

358 2366 398 2396 25
421 2362 505 2406 μηδ’
530 2364 575 2400 ὠς
609 2365 614 2406 Ι
649 2361 835 2406 ἀνέχονται
1475 2365 1668 2407 χωριστέον
1691 2359 1796 2404 αὐτὴν
1820 2361 1867 2399 ὥς
1890 2361 1952 2404 ἴδη
1976 2365 2230 2406 συνειληφυῖαν.

539 2442 643 2473 Varro
669 2442 740 2481 117,
761 2444 771 2473 l
799 2443 910 2472 horum
936 2442 1061 2472 feturae
1087 2442 1215 2473 initium
1241 2443 1448 2473 admissionis
1472 2441 1578 2473 facere
1615 2446 1743 2483 oportet
1772 2442 1811 2472 ab
1833 2442 2040 2482 aequinoctio
2065 2452 2165 2473 verno
2188 2443 2229 2472 ad
2252 2443 2444 2482 solstitium,
2481 2449 2516 2475 ut

357 2502 469 2537 partus
494 2497 609 2527 idoneo
635 2500 777 2537 tempore
801 2497 866 2528 liat.
901 2497 1087 2527 duodecimo
1112 2497 1195 2527 enim
1214 2506 1321 2528 mense
1345 2496 1396 2527 die
1412 2497 1534 2528 decimo
1551 2498 1643 2528 aiunt
1659 2496 1759 2528 nasci.
1794 2495 1972 2527 Columella
1991 2494 2032 2526 Vl
2048 2495 2100 2536 27,
2113 2495 2132 2526 3
2149 2496 2317 2535 generosis
2334 2497 2391 2535 (sc.
2410 2497 2513 2538 equis)

358 2552 445 2581 circa
471 2560 603 2581 vernum
626 2551 865 2591 aequinoctium
889 2560 993 2582 mares
1017 2551 1202 2591 iungentur,
1238 2555 1273 2581 ut
1297 2551 1405 2582 eodem
1431 2556 1582 2592 tempore,
1616 2561 1676 2591 quo
1701 2551 1918 2591 conceperint,
1953 2550 2016 2581 iam
2051 2551 2148 2582 laetis
2172 2556 2205 2582 et
2226 2551 2371 2582 herbidis
2396 2552 2515 2592 campis

358 2611 428 2645 post
453 2606 527 2636 anni
552 2614 683 2636 messem
709 2615 809 2645 parvo
834 2615 902 2636 cum
929 2605 1039 2636 labore
1063 2604 1170 2636 foetus
1194 2606 1338 2636 educent.
1388 2615 1456 2636 nam
1482 2615 1588 2636 mense
1612 2606 1800 2636 duodecimo
1826 2609 1950 2645 partum
1975 2605 2083 2636 edunt.

539 2706 743 2742 Auctorum
785 2692 975 2752 lemmata,
1016 2716 1109 2753 quae
1145 2705 1182 2742 in
1216 2704 1443 2754 hippiatricis
1477 2705 1670 2752 leguntur,
1709 2703 1812 2740 omni
1842 2702 2058 2752 suspicione
2090 2709 2233 2748 carent,
2273 2704 2381 2754 quin,
2420 2704 2516 2742 sicut

357 2776 518 2813 famosae
540 2776 839 2825 Geoponicoruni
862 2776 1120 2826 ascriptiones,
1152 2787 1194 2813 ex
1226 2775 1387 2813 hominis
1408 2774 1633 2812 fraudulenti
1655 2773 1800 2812 officina
1824 2772 2040 2823 prodierint.
2083 2773 2201 2811 immo
2223 2774 2439 2825 quicunque
2460 2776 2515 2813 vel

358 2846 469 2881 veloci
500 2846 608 2882 oculo
630 2846 855 2894 scriptorum
880 2846 1093 2883 nominibus
1120 2847 1297 2894 respectis
1318 2846 1480 2895 Apsyrfi,
1514 2845 1703 2899 Hieroclis,
1735 2845 1893 2882 aliorum
1922 2845 2258 2882 mulomedicorum
2280 2846 2399 2894 capita
2420 2857 2515 2894 quae

356 2916 533 2953 (licuntur
554 2915 805 2964 perlustravit,
835 2928 930 2964 quae
959 2916 1250 2964 uniuscuiusque
1280 2916 1367 2961 sint,
1399 2916 1500 2953 brevi
1526 2902 1768 2963 recognoscet
1800 2920 1836 2951 et
1866 2926 1884 2952 a
1915 2920 2126 2952 ceterorum
2157 2914 2271 2965 copiis
2300 2914 2513 2964 distinguet.

356 2985 482 3035 ltaque
503 2986 672 3024 Anatolio
704 2991 814 3035 caput
843 2986 995 3023 allatum
1019 2985 1201 3023 vindicare
1224 2986 1398 3035 equidem
1421 2986 1543 3023 nullus
1565 2985 1708 3029 dubito,
1739 2995 1963 3034 quamquam
1986 2995 2074 3022 sane
2094 2985 2259 3022 nondum
2281 2984 2511 3034 exploratum

355 3061 422 3099 est,
454 3061 591 3104 quanta
622 3056 692 3093 fide
721 3056 750 3092 G
783 3056 890 3093 verba
921 3061 1130 3097 auctorum,
1161 3067 1256 3104 quos
1286 3056 1509 3105 compilavit,
1540 3055 1753 3103 repetiverit
1782 3055 1837 3092 vel
1867 3055 2093 3103 excerpserit
2123 3056 2178 3092 vel
2208 3056 2367 3093 aliorum
2397 3055 2512 3104 copiis

354 3126 645 3175 amplificaverit.
686 3126 723 3163 ld
747 3127 860 3175 quod,
892 3126 961 3162 nisi
991 3126 1108 3168 fallor,
1140 3126 1248 3174 paulo
1270 3127 1476 3163 accuratius
1500 3135 1599 3163 nunc
1619 3136 1847 3173 cognoscere
1877 3125 1972 3169 licet,
2003 3136 2086 3162 cum
2109 3125 2271 3175 singulas
2291 3125 2511 3170 sententias,
