2782 3269
1252 61 1533 102 —23—

325 171 479 220 protulit
514 172 629 217 Plato,
663 173 725 221 qui
754 170 984 221 ἐπίγρυπος
1017 174 1062 210 de
1098 173 1207 215 bono,
1243 172 1364 223 σιμός
1390 174 1435 210 de
1455 172 1646 213 ,malitioso
1673 171 1821 209 animali
1848 171 1998 208 dixerat.
2056 171 2154 209 Num
2184 184 2270 220 ergo
2301 172 2336 208 in
2367 171 2464 209 Geo-

324 242 466 289 ponicis
504 243 795 280 emendandum:
834 241 880 281 τὸ
915 241 962 280 δὲ
991 241 1221 292 πρόσωπον
1251 242 1358 292 <μή>
1389 242 1513 292 σιμὸν
1541 239 1624 279 ἀλλ’
1655 240 1702 291 [ἢ]
1731 239 1966 290 ἐπίγρυπον
1996 242 2048 278 vel
2082 240 2128 279 τὸ
2156 240 2203 279 δὲ
2233 239 2463 291 πρόσωπον

323 308 558 362 ἐπίγρυπον
588 310 682 362 (καὶ
711 310 795 363 μ>ἡ
824 308 976 362 σιμόνῖ
1018 312 1062 350 Α(
1092 324 1233 360 vereor,
1264 323 1311 349 ne
1339 312 1387 349 ita
1418 311 1597 349 inscitiam
1627 310 1889 360 compilatoris,
1918 310 2088 359 quisquis
2118 310 2186 347 fuit
2215 311 2369 360 primus.
2404 312 2463 348 in-

323 381 535 419 credibilem
566 381 815 426 sublevemus,
845 392 928 419 nam
959 382 1057 431 quod
1087 388 1258 431 superest
1287 382 1408 419 solum
1431 379 1556 431 σιμόν
1584 382 1622 418 in
1645 381 1683 424 C,
1714 381 1882 418 facillime
1913 392 1955 417 ex
1976 381 2273 429 Geoponicorum
2303 381 2462 418 lectione

322 451 453 488 tradita
499 452 647 500 prodire
690 452 827 500 potuit,
871 463 956 488 cnm
1002 453 1209 501 neglegenti
1251 452 1396 488 cuidam
1439 452 1575 488 codicis
1619 452 1759 488 scribae
1800 451 1852 486 vel
1890 451 1960 498 ipsi
1996 451 2222 499 compilatori
2252 450 2279 487 C
2308 452 2463 486 alterum

324 521 543 558 adiectivum
574 521 814 558 satisfaceret.
853 521 909 558 Nil
938 533 1026 569 ergo
1055 522 1094 558 in
1115 522 1335 571 Geoponicis
1364 522 1583 558 mutandum
1606 533 1688 558 esse
1709 532 1851 563 censeo,
1881 532 2105 568 quamquam
2129 520 2244 557 miror
2267 519 2461 557 Beckhium

323 602 407 628 cum
438 589 634 628 verborum
666 597 880 629 contextum
911 591 1153 630 constitueret
1181 591 1218 630 in
1248 591 1464 630 difficultate
1502 591 1569 630 ista
1605 591 1788 630 conivere.
1850 589 1931 628 131>
1961 590 2256 640 Geoponicorum
2286 591 2464 639 γαστέρα

323 658 519 708 (κοιλίαν)
549 656 914 711 συμπεπιεσμένην
941 661 1011 699 καὶ
1040 667 1132 706 ταῖς
1159 659 1307 708 λαγόσι
1337 659 1666 711 συνεσταλμένην
1694 671 1761 710 per
1779 659 1886 704 τινὲς
1905 659 1953 698 δέ
1972 669 2078 709 φασι
2109 671 2128 697 a
2150 660 2176 697 C
2195 660 2463 708 agglutinatum

322 735 378 768 est
417 735 526 767 notae
565 726 728 768 κοιλίαν
756 727 925 777 εὔογκον
963 730 1208 780 Diophaneae.
1266 730 1315 767 27
1346 731 1587 768 consentiunt
1616 730 1723 767 verba
1753 730 1932 780 μέγεθος
1961 749 2012 755 -
2041 727 2275 779 ἐπηρμένοις
2309 735 2344 766 et
2373 741 2466 777 quae

322 801 369 837 de
398 801 518 838 colore
546 805 736 844 secuntur,
769 812 862 850 quae
897 801 933 838 in
963 802 989 839 C
1020 802 1056 838 in
1087 801 1234 838 brevius
1263 807 1449 838 contracta
1481 813 1562 838 esse
1594 812 1694 838 nunc
1721 813 1764 837 ex
1794 801 2014 850 Geoponicis
2043 801 2226 837 discimus.
2278 800 2464 848 imprimis

323 876 446 908 autem
478 871 656 908 memoria
686 871 852 920 dignum,
891 872 989 921 quod
1023 871 1123 909 Plato
1152 872 1212 910 bic
1242 872 1391 909 nomine
1421 872 1635 921 appellatur.
1695 871 1859 920 Denique
1889 871 1998 908 etiam
2029 868 2198 908 ἑστάναι
2229 869 2282 921 μή
2321 867 2464 918 ἀνεχό-

321 954 444 990 μενον
472 938 555 978 κτλ.
587 942 622 978 in
653 941 869 990 Geoponicis
900 942 1070 986 redeunt,
1101 942 1137 979 in
1168 942 1302 991 quibus
1333 954 1418 980 vero
1448 948 1610 979 extrema
1641 942 1779 979 codicis
1799 941 2114 989 Cantabrigiensis
2144 939 2283 992 ψυχήν
2310 938 2464 977 ἀκατά-

322 1010 506 1061 πληκτον
534 1009 614 1048 κτλ.
646 1012 916 1048 desiderantur.
973 1011 1239 1060 Cognoscimus
1268 1024 1355 1060 ergo
1382 1013 1669 1062 descriptionem
1701 1013 1803 1061 equi,
1841 1024 1935 1062 quae
1974 1013 2072 1049 redit
2104 1013 2149 1050 ad
2179 1012 2345 1050 Cassium
2377 1010 2464 1047 Dio-

323 1081 489 1131 nysium,
527 1094 593 1131 per
623 1081 831 1120 Anatolium
863 1082 1133 1131 suppeditatam
1164 1094 1183 1120 a
1214 1083 1240 1121 C
1269 1094 1313 1120 ex
1342 1083 1457 1133 copiis
1486 1084 1565 1122 eius
1600 1084 1789 1133 scriptoris
1825 1083 2048 1132 completam
2080 1095 2180 1127 esse,
2223 1082 2319 1121 unde
2347 1081 2461 1130 Geop.

321 1151 401 1189 XVI
421 1151 445 1190 2
474 1151 592 1190 fluxit.
653 1152 801 1189 Lemma
834 1163 919 1190 vero
952 1150 1217 1199 Πελαγωνίου
1247 1153 1378 1190 falsum
1408 1165 1491 1191 esse
1520 1175 1571 1180 —
1599 1166 1692 1204 quae
1721 1159 1777 1192 est
1806 1154 1946 1193 vanitas
1976 1152 2144 1191 omnium
2173 1152 2212 1191 in
2242 1151 2462 1202 Geoponicis

323 1222 541 1260 lemmatum
572 1243 622 1248 —
652 1227 690 1258 et
718 1233 784 1271 per
812 1233 851 1260 se
880 1226 1021 1259 certum
1052 1227 1109 1260 est
1136 1227 1173 1260 et
1201 1222 1356 1272 probare
1387 1234 1598 1273 possumus,
1628 1224 1803 1274 quoniam
1835 1224 1939 1262 aliter
1968 1223 2169 1261 constituta
2202 1222 2388 1270 Pelagonii
2418 1221 2464 1258 de

324 1303 363 1328 re
392 1292 500 1329 verba
531 1297 689 1328 aetatem
720 1292 897 1335 tulerunt,
926 1293 1022 1328 sicut
1051 1304 1159 1341 supra
1190 1293 1355 1341 exposui,
1385 1294 1430 1330 cf.
1452 1305 1487 1342 p.
1511 1294 1568 1330 13.
1607 1294 1719 1330 Cuius
1748 1295 1899 1331 tandem
1921 1295 2057 1331 scrinia
2081 1301 2239 1342 uterque
2261 1289 2464 1340 expilavit?

323 1363 529 1410 Responsio
573 1369 695 1410 parata
739 1368 812 1405 est,
856 1375 939 1399 cum
983 1368 1199 1411 reputemus
1239 1375 1314 1401 non
1352 1365 1461 1401 modo
1497 1364 1534 1401 in
1565 1365 1591 1402 C
1619 1365 1867 1403 additamenta
1897 1365 1965 1402 ista
1995 1363 2235 1413 descriptioni
2267 1362 2464 1409 Dionysio-

322 1432 562 1470 Anatolianae
604 1433 815 1471 intermixta
858 1446 950 1477 esse,
993 1434 1056 1471 sed
1101 1434 1211 1471 etiam
1247 1434 1361 1483 Geop.
1390 1433 1467 1471 XVI
1496 1433 1655 1478 2,1—3
1698 1434 1830 1478 eidem,
1873 1447 1967 1483 quae
2000 1434 2037 1472 in
2071 1433 2307 1472 antecedenti
2342 1432 2462 1482 capite

322 1499 418 1550 (xvt
438 1500 471 1547 1,
492 1499 531 1548 9)
553 1506 661 1548 extat,
692 1501 931 1553 descriptioni
961 1496 1157 1541 manifesto
1188 1502 1426 1553 agglutinari:
1457 1502 1492 1541 id
1524 1503 1641 1553 prima
1663 1503 1771 1542 verba
1799 1502 1916 1548 Τινὲς
1936 1501 1982 1541 δὲ
2002 1502 2072 1540 καὶ
2091 1501 2185 1549 τοὺς
2205 1497 2465 1553 ἑτεροφθάλ--

321 1583 422 1621 μους
450 1569 495 1609 ἐν
522 1578 610 1616 τοῖς
639 1570 875 1617 καλλίστοις
902 1569 1121 1611 τάττουσιν
1150 1574 1370 1617 ostendunt,
1414 1585 1508 1622 quae
1551 1574 1655 1611 initio
1698 1575 1826 1622 capitis
1863 1575 1968 1622 plane
2006 1574 2142 1610 insulsa
2177 1578 2277 1610 sunt.
2335 1572 2464 1619 Neque

320 1641 465 1690 placent
493 1644 515 1688 ξ
535 1642 558 1679 4
588 1637 761 1689 ἀγαθοῦ
789 1641 835 1680 δὲ
865 1645 1001 1681 ἵππου
1044 1643 1114 1680 καὶ
1148 1644 1268 1682 τοῦτο
1307 1641 1525 1694 τεκμήριον
1554 1642 1651 1685 κτλ.,
1695 1656 1788 1693 quae
1818 1644 1861 1681 ad
1891 1644 1967 1682 xvi
1993 1645 2025 1688 1,
2052 1644 2097 1681 10
2127 1644 2313 1692 pertinere
2343 1640 2462 1679 mani-

321 1711 457 1749 festum
487 1718 560 1749 est:
606 1713 693 1750 haec
722 1714 902 1750 sententia
933 1726 951 1750 a
982 1714 1220 1763 compilatore
1249 1715 1298 1752 ita
1328 1715 1460 1752 inscite
1488 1714 1621 1751 ceteris
1651 1715 1759 1751 huius
1790 1714 1917 1763 capitis
1948 1714 2110 1763 partibus
2140 1725 2282 1752 annexa
2313 1719 2390 1755 est.
2423 1718 2465 1749 ut

323 1781 464 1820 hiatum
494 1790 664 1832 apertum
695 1794 978 1832 cognoscamus:
1010 1794 1095 1822 nam
1126 1796 1210 1823 cum
1241 1790 1358 1823 totum
1389 1791 1499 1834 caput
1528 1790 1680 1835 σημεῖα
1709 1781 1874 1831 ἀγαθοῦ
1897 1786 2033 1822 ἵππου
2054 1784 2328 1833 complectatur,
2360 1795 2463 1821 com-

322 1854 512 1901 pilatorem
558 1854 693 1891 iterum
738 1855 859 1904 quasi'
885 1855 930 1891 ab
973 1855 1118 1904 integro
1153 1856 1266 1893 ordiri
1294 1856 1333 1893 in
1362 1857 1557 1906 propatulo
1587 1862 1652 1893 est.
1711 1855 1810 1893 idem
1849 1855 1960 1904 igitur
1988 1855 2198 1897 Anatolius,
2241 1855 2303 1903 qui
2346 1860 2464 1892 cetera

323 1923 449 1961 omnia
480 1923 711 1973 compilatori
732 1923 1027 1973 Cantabrigiensi
1057 1925 1175 1963 adhuc
1205 1925 1396 1975 praestitit,
1426 1926 1462 1963 in
1485 1925 1562 1963 XVI
1582 1925 1606 1962 2
1635 1926 1757 1975 prodit
1786 1932 1923 1963 auctor.
1967 1927 2012 1963 At
2039 1926 2138 1962 enim
2170 1925 2215 1962 de
2235 1925 2296 1961 illo
2316 1930 2464 1962 auctore

321 1993 474 2041 cogitari
504 2005 613 2043 posse
644 1994 754 2031 modo
785 1995 1013 2043 negavimus,
1041 1996 1339 2045 quandoquidem
1370 1996 1465 2034 inter
1485 1996 1674 2033 Platonem
1706 2002 1743 2033 et
1772 1995 1985 2046 Dionysium
2016 1996 2055 2041 (i.
2075 2007 2108 2033 e.
2131 1996 2358 2038 Anatolium)
2389 2005 2464 2031 non

322 2063 415 2101 bene
443 2064 667 2101 conveniret.
725 2066 797 2102 Sed
829 2066 921 2109 vide,
952 2078 998 2102 ne
1026 2066 1125 2103 iusto
1154 2068 1319 2105 severius
1348 2068 1643 2104 iudicaverimus.
1701 2067 1846 2104 Etenim
1878 2067 2071 2104 Anatolius
2114 2078 2207 2114 quae
2246 2066 2388 2114 priores
2419 2067 2464 2102 de

321 2144 361 2171 re
389 2134 526 2172 rustica
565 2135 730 2172 dixerant
770 2136 858 2172 satis
888 2135 1016 2173 habuit
1050 2136 1086 2172 in
1127 2138 1342 2175 universum
1374 2138 1525 2174 collecta
1555 2148 1762 2186 proponere
1793 2136 1943 2173 minime
1973 2136 2164 2186 opiniones
2193 2136 2289 2172 inter
2317 2147 2356 2172 se
2386 2135 2462 2172 dis-

321 2209 516 2253 crepantes
545 2216 692 2243 curans.
750 2205 875 2254 Neque
905 2211 1029 2243 tamen
1061 2207 1092 2244 ei
1123 2207 1189 2244 soli
1218 2208 1426 2245 socordiam
1457 2206 1709 2256 compilatoris
1729 2207 2042 2255 cantabrigiensis
2072 2207 2309 2256 imputamus.
2356 2205 2462 2248 Nam,

321 2275 419 2312 sicut
456 2287 499 2312 ex
528 2276 749 2324 Geoponicis
787 2287 889 2313 nunc
918 2277 1098 2321 videmus,
1137 2278 1329 2315 Anatolius
1359 2278 1520 2315 Platonis
1550 2278 1658 2315 verba
1698 2278 1849 2315 nomine
1887 2278 2049 2315 auctoris
2086 2277 2254 2325 apposito
2289 2277 2464 2314 attulerat

322 2355 442 2394 neque
471 2345 565 2382 sicut
594 2346 703 2384 hodie
731 2346 769 2383 in
800 2345 826 2384 C
857 2347 906 2390 tit,
945 2358 1028 2384 cum
1060 2345 1286 2395 Dionysiacis
1314 2347 1544 2392 confuderat,
1583 2358 1804 2397 quamquam
1834 2347 1884 2384 ibi
1913 2347 2063 2384 foedum
2095 2358 2257 2384 errorem
2297 2358 2315 2383 a
2356 2346 2463 2383 nobis

320 2415 506 2453 detectum
551 2416 748 2454 commisit.
805 2417 900 2461 Quid
941 2418 1036 2466 quod
1080 2417 1150 2455 alio
1185 2417 1482 2467 Geoponicorum
1523 2419 1602 2455 loco
1632 2417 1693 2455 XV
1716 2418 1749 2459 1,
1772 2417 1808 2463 8,
1854 2418 1915 2455 ubi
1961 2418 2061 2455 Plato
2101 2418 2281 2460 laudatur,
2325 2418 2372 2454 ita
2415 2417 2459 2454 ad

322 2485 585 2536 philosophum
616 2488 833 2537 relegamur,
878 2493 920 2526 ut
946 2493 1119 2537 appareat
1148 2488 1252 2525 verba
1283 2488 1488 2538 philosophi
1519 2488 1657 2526 summi
1687 2500 1705 2525 a
1735 2488 1975 2538 compilatore
2014 2488 2095 2538 ipso
2136 2500 2210 2526 non
2251 2489 2340 2525 lecta
2380 2499 2461 2525 esse

321 2555 405 2601 (Rh.
436 2556 482 2593 Μ.
512 2555 582 2601 48,
609 2557 651 2602 8,
679 2555 748 2607 2)?
805 2558 1001 2596 Cassianus
1036 2557 1173 2596 Bassus
1216 2559 1328 2607 igitur
1369 2559 1432 2608 qui
1475 2564 1671 2598 tractatum
1711 2558 1823 2596 istum
1864 2558 1967 2595 XV1
2009 2558 2106 2608 περὶ
2141 2558 2328 2608 φυσικῶν
2357 2567 2460 2606 συμ-

322 2626 517 2665 παθειῶν
535 2626 603 2664 καὶ
634 2624 927 2666 ἀντιπαθειῶν
947 2629 1106 2678 scripsit,
1136 2629 1245 2666 etiam
1276 2630 1336 2667 hic
1356 2630 1543 2667 Platonem
1573 2630 1644 2667 iam
1675 2630 1720 2667 ab
1741 2629 1910 2666 Anatolio
1939 2629 2085 2666 allatum
2117 2629 2319 2666 invenerat.
2362 2627 2459 2664 Sane

322 2696 437 2733 risum
478 2697 560 2741 ciet,
592 2698 689 2746 quod
719 2697 908 2735 Platonem
945 2705 1132 2747 tamquam
1167 2700 1252 2748 equi
1283 2700 1548 2748 peritissimum
1578 2705 1767 2737 auctorem
1798 2699 1842 2735 ab
1871 2700 2040 2736 Anatolio
2069 2700 2167 2735 inter
2196 2697 2460 2735 mulomedicos

323 2846 355 2873 et
378 2842 509 2873 verbum
533 2843 633 2884 ipsum
658 2843 937 2876 inusitatissimam
961 2849 1011 2876 est
1035 2854 1135 2885 neque
1151 2849 1264 2877 extare
1284 2846 1408 2877 videtur
1425 2846 1486 2877 nisi
1503 2846 1585 2886 apud
1601 2845 1802 2884 Boeekffium,
1826 2845 1917 2877 ΕΓΗ.
1936 2845 1996 2875 ein.
2014 2848 2141 2885 aegypt.
2159 2842 2306 2876 Urkunde
2331 2854 2358 2885 p.
2375 2843 2408 2882 4,
2425 2844 2459 2874 7:

321 2893 699 2939 στρογγυλοπρόσωπος
722 2897 755 2929 C.
770 2897 806 2930 0.
824 2898 955 2938 Miiller,
979 2898 1056 2929 fldb.
1080 2898 1108 2929 d.
1133 2899 1228 2931 Arch.
1254 2898 1362 2940 5329,
1378 2900 1410 2939 4,
1444 2910 1533 2942 quem
1556 2901 1659 2931 locum
1688 2899 1787 2931 debeo
1811 2899 1908 2930 nasio
1945 2899 1976 2929 in
2008 2898 2158 2938 Stephani
2181 2896 2345 2929 Thesauro
2379 2908 2403 2929 s.
2429 2909 2458 2929 v.

319 2951 462 2982 allatum.
508 2951 617 2982 Ceteri
640 2957 795 2994 usurpant
817 2958 871 2983 aut
896 2948 998 2995 σιμός
1019 2958 1075 2984 aut
1097 2950 1280 2994 ἀνάσιμος,
1304 2955 1384 2995 quod
1409 2955 1458 2985 bis
1482 2955 1513 2985 in
1538 2965 1636 2995 parvo
1661 2953 1800 2985 frustula
1823 2953 1961 2983 Simonis
1986 2953 2130 2983 occurrit
2152 2953 2190 2982 de
2214 2953 2342 2983 cervice
2367 2953 2459 2993 paulo

319 3009 394 3036 ante
418 3005 537 3036 dictum
560 3006 593 3036 ll.
619 3015 647 3047 p.
668 3006 717 3045 17,
744 3006 778 3038 11
805 3012 837 3038 et
863 3006 910 3039 12.
959 3007 1096 3048 Denique
1131 3007 1159 3038 si
1193 3006 1358 3048 ἐπίσιμος
1381 3008 1501 3038 Simoni
1536 3008 1655 3046 damus,
1689 3017 1758 3038 eum
1794 3011 1903 3047 aperte
1927 3006 2053 3037 Platoni
2076 3005 2290 3046 refragantem
2314 3006 2456 3038 tacimus.

321 3059 452 3093 Divom
477 3070 553 3092 sene
576 3065 628 3093 est
649 3062 806 3102 quaestio,
829 3072 920 3103 quam
944 3063 994 3093 hic
1019 3073 1079 3093 non
1104 3062 1274 3103 profligare
1299 3072 1437 3103 possum,
1459 3073 1530 3094 num
1555 3063 1625 3103 eqni
1651 3060 1767 3094 Graeci
1795 3072 1828 3093 re
1854 3071 1929 3093 vern
1956 3061 2148 3103 ἐπίγρυποι
2172 3059 2304 3095 fuerint.
