2782 3269
501 945 576 1006 De
614 968 925 1019 Hippiatricorum
961 968 1087 1007 codice
1122 968 1417 1018 Cantabrigiensi
1455 980 1578 1018 nuper
1615 968 1822 1006 accuratius
1860 968 2018 1006 disserui
2057 969 2094 1006 in
2126 979 2258 1006 museo
2287 969 2467 1007 Rhenano

324 1038 392 1076 vol.
413 1038 477 1081 51,
499 1037 550 1075 52
566 1049 621 1088 sq.
679 1038 786 1077 Nunc
823 1039 1124 1089 quandoquidem
1163 1044 1332 1090 exoptata
1373 1040 1460 1078 mihi
1490 1039 1648 1077 offertur
1679 1039 1824 1076 occasio
1855 1038 1991 1088 aliquid
2023 1038 2248 1088 publicandi,
2288 1050 2348 1076 me
2375 1039 2467 1076 nihil

323 1107 454 1147 melius
498 1107 619 1147 facere
661 1122 771 1159 posse
814 1109 974 1148 arbitror
1010 1122 1120 1160 quam
1159 1109 1356 1159 singularis
1393 1109 1491 1148 illius
1529 1109 1612 1148 libri
1653 1120 1766 1165 manu
1804 1108 1933 1159 scripti
1971 1109 2089 1158 capita
2129 1109 2307 1148 nonnulla
2345 1109 2468 1148 adhuc

327 1179 451 1229 ignota
480 1178 518 1217 in
550 1179 670 1218 lucem
699 1179 809 1218 edere
837 1186 876 1219 et
904 1190 1087 1220 enarrare.

500 1248 886 1295 Commentationum,
923 1261 1017 1299 quae
1056 1261 1159 1287 more
1197 1250 1394 1288 venerabili
1431 1251 1718 1301 programmatis
1756 1249 1987 1288 scholasticis
2026 1250 2335 1299 praemittuntur,
2373 1260 2465 1287 sane

321 1319 391 1357 hoc
428 1321 544 1357 fatum
583 1331 665 1358 esse
701 1321 817 1365 solet,
866 1326 906 1358 ut
952 1333 971 1358 a
1010 1320 1112 1359 nullo
1149 1320 1226 1358 fere
1264 1320 1450 1369 legantur;
1498 1332 1619 1370 neque
1656 1320 1692 1357 id
1732 1320 1868 1357 mirum
1908 1332 1952 1358 ea
1988 1326 2132 1364 aetate,
2184 1332 2256 1371 qua
2295 1320 2467 1358 homines

320 1390 416 1428 haud
448 1390 568 1427 infimi
596 1390 739 1428 ordinis
772 1391 976 1439 philologos
1003 1391 1127 1429 rident
1155 1401 1319 1440 nasoque
1348 1390 1494 1428 adunco
1523 1390 1769 1440 suspendunt,
1809 1390 1917 1440 quod
1938 1390 2001 1429 isti
2028 1395 2154 1428 mente
2185 1391 2280 1440 capti
2310 1402 2466 1429 caenum

323 1459 608 1509 praeteritorum
648 1460 882 1498 saeculorum
921 1460 1082 1498 effodere
1119 1460 1306 1498 studeant.
1362 1461 1497 1509 ‘Apage
1519 1450 1627 1497 'istos
1664 1457 2006 1510 γωνιοβόμβυκας
2050 1466 2087 1497 et
2128 1458 2467 1510 μονοσυλλάβους

320 1529 595 1578 grammaticos,
626 1541 785 1580 quorum
817 1529 943 1580 putida
972 1535 1008 1568 et
1034 1530 1157 1579 inepta
1186 1529 1377 1579 disciplina
1407 1535 1575 1568 recentes
1604 1529 1843 1579 puerulorum
1873 1529 1989 1568 animi
2017 1527 2307 1568 obtundanturl’

386 1590 390 1593 Δ
499 1601 544 1637 At
582 1600 753 1649 impense
793 1611 932 1645 vereor,
973 1612 1020 1638 ne
1056 1600 1165 1637 etiam
1205 1600 1365 1648 collegae
1399 1599 1661 1637 humanissimi
1689 1600 1818 1637 litteris
1848 1599 1944 1637 haud
1977 1599 2213 1637 mediocriter
2243 1600 2363 1644 tincti,
2402 1600 2466 1648 qui

319 1670 356 1706 in
410 1670 534 1720 copias
595 1681 830 1708 summorum
890 1671 1115 1721 scriptorum
1173 1670 1412 1719 antiquorum
1470 1682 1511 1708 se
1566 1670 1902 1719 ingurgitaverunt,
1964 1669 2174 1709 mirabundi
2226 1671 2468 1718 interrogent,

320 1751 411 1778 num
453 1751 587 1790 operae
624 1741 787 1791 pretium
826 1741 874 1779 sit
912 1741 993 1779 talia
1033 1741 1226 1786 anecdota,
1266 1740 1430 1778 membra
1471 1740 1637 1779 vilissimi
1668 1741 1834 1791 corporis
1862 1740 2029 1784 disiecta,
2068 1741 2287 1779 ecodicum
2317 1741 2467 1779 latebris

318 1811 545 1860 protrahere.
586 1811 730 1857 Quibus
751 1813 962 1860 respondeo
984 1811 1201 1850 memoriam
1223 1811 1441 1860 disciplinae
1460 1811 1739 1849 instaurandam
1758 1823 1851 1857 esse,
1878 1822 1973 1861 quae
2001 1817 2075 1849 tam
2097 1812 2233 1850 mirum
2254 1811 2292 1849 in
2315 1811 2465 1850 modum

320 1880 416 1930 apud
449 1880 608 1919 Graecos
639 1880 902 1931 Romanosque
939 1881 1076 1926 floruit,
1115 1885 1157 1919 ut
1186 1881 1243 1919 vel
1282 1881 1391 1919 hodie
1429 1891 1512 1918 eam
1550 1880 1617 1919 viri
1653 1880 1744 1918 artis
1782 1880 2022 1920 veterinariae
2058 1881 2272 1931 peritissimi
2309 1881 2467 1919 summis

319 1950 489 1988 laudibus
528 1951 677 2000 dignam
716 1962 798 1988 esse
836 1956 1024 1989 censeant.
1081 1950 1358 2001 Philologorum
1390 1962 1476 1988 vero
1514 1951 1596 2000 quis
1623 1951 1693 1988 scit
1731 1951 1839 1988 nobis
1866 1951 2039 1999 reliquias
2070 1950 2249 1988 librorum
2281 1952 2467 2001 quinqua-

319 2021 419 2068 ginta
461 2023 538 2058 fere
578 2022 911 2059 mulomedicorum
951 2027 1113 2058 servatas
1150 2020 1261 2059 esse?
1308 2024 1410 2068 Quae
1446 2022 1478 2059 si
1514 2021 1553 2059 in
1582 2033 1699 2059 unum
1729 2033 1864 2070 corpus
1893 2029 2015 2059 coacta
2047 2029 2171 2066 erunt,
2209 2029 2466 2070 cognoscetur,

319 2090 407 2141 quid
450 2090 536 2130 inde
574 2091 619 2130 ad
659 2090 851 2130 historiam
891 2086 1188 2141 disciplinarum
1212 2091 1438 2130 naturalium
1476 2097 1514 2130 et
1550 2090 1704 2130 humani
1738 2091 1859 2129 cultus
1893 2090 2092 2131 redundet.
2149 2091 2242 2138 Quis
2269 2102 2355 2130 vero
2389 2103 2466 2130 non

320 2161 465 2210 gaudet,
506 2166 688 2211 quantum
728 2162 784 2198 his
823 2162 1003 2211 proximis
1041 2162 1150 2199 annis
1188 2166 1374 2199 nostrates
1400 2182 1451 2188 —
1481 2161 1578 2199 inter
1614 2173 1708 2211 quos
1747 2162 1902 2199 honoris
1940 2173 2049 2199 causa
2084 2162 2238 2199 nomino
2267 2162 2465 2199 Dielesium

319 2232 438 2268 virum
477 2244 668 2269 summum
708 2238 746 2268 et
774 2232 1065 2270 Maximilianum
1090 2232 1364 2270 Wellmannnm
1393 2253 1444 2259 —-
1472 2232 1727 2281 praestiterint
1764 2232 1809 2270 ad
1849 2232 2041 2270 historiam
2073 2232 2275 2270 medicinae
2304 2233 2466 2271 Graeco-

319 2313 402 2340 rum
454 2301 585 2340 melius
632 2300 927 2351 explanandam?
981 2302 1027 2340 Et
1066 2302 1394 2342 ‘mulomedicinae
1431 2301 1630 2348 doctrina',
1677 2301 1800 2352 inquit
1840 2302 2009 2352 Vegetius
2058 2301 2173 2352 praef.
2204 2302 2247 2348 6,
2287 2302 2350 2341 ‘ab
2387 2308 2465 2341 arte

320 2371 526 2410 medicinae
564 2382 639 2410 non
678 2371 770 2410 adeo
809 2372 934 2411 multis
972 2371 1174 2423 discrepat,
1212 2372 1275 2411 sed
1309 2372 1350 2411 in
1376 2359 1568 2423 'plerisque
1604 2372 1828 2410 consentit':
1881 2372 1979 2410 idem
2020 2372 2146 2410 multis
2185 2372 2340 2410 saeculis
2377 2379 2465 2410 ante

318 2441 537 2478 Aristoteles
575 2441 611 2478 h.
640 2453 672 2478 a.
703 2441 740 2484 8,
761 2441 812 2478 24
845 2453 879 2489 p.
902 2441 1025 2486 6041»,
1049 2440 1100 2478 25
1132 2437 1246 2487 ’ὅλως
1282 2440 1329 2480 δέ
1366 2451 1500 2493 φασιν
1537 2439 1577 2478 οἳ
1616 2440 1832 2491 ἔμπειροι,
1879 2440 2026 2489 σχεδὸν
2063 2438 2223 2491 ὅσαπερ
2262 2441 2466 2492 ἂρρωστετ

319 2508 549 2560 ἄνθρωπος
586 2505 904 2562 ἀρρωστήματα,
943 2511 1013 2549 καὶ
1053 2514 1188 2550 ἵππον
1219 2509 1446 2561 ἀρρωστεῖν
1474 2510 1543 2549 καὶ
1582 2509 1795 2561 πρόβατον
1806 2512 1853 2560 l):
1895 2511 1949 2549 vel
1989 2511 2036 2549 ob
2074 2511 2170 2549 hanc
2197 2523 2347 2550 causam
2377 2498 2464 2562 ergo

318 2587 515 2631 praecepta
555 2581 769 2620 veterinaria
808 2593 882 2619 non
919 2580 1084 2630 indigna·
1116 2586 1224 2626 sunt,
1265 2593 1360 2631 quae
1396 2586 1685 2630 cognoscantur,
1730 2581 1765 2619 id
1804 2582 1902 2630 quod
1941 2581 2053 2620 etiam
2092 2582 2236 2631 egregia
2274 2581 2464 2631 Pelagonii

321 2651 484 2689 editione
514 2651 558 2689 ab
586 2651 703 2688 lhmio
732 2657 819 2689 ante
846 2655 1024 2700 quattuor
1052 2662 1171 2689 annos
1200 2650 1335 2688 emissa
1364 2650 1652 2688 demonstratur.
1941 2636 1945 2639 ¹

498 2723 618 2771 Atque
646 2733 730 2760 cum
760 2727 914 2772 propter
941 2720 1059 2760 bonae
1088 2720 1214 2771 papyri
1243 2720 1437 2771 penuriam
1465 2720 1546 2760 fieri
1575 2730 1649 2759 non
1680 2721 1811 2770 possit,
1850 2726 1890 2759 ut
1928 2721 1990 2760 hic
2027 2720 2152 2760 omnia
2181 2721 2299 2772 capita
2328 2721 2463 2761 Canta-

320 2791 516 2842 brigiensia
544 2791 682 2830 inedita
713 2792 796 2842 plus
825 2791 1093 2842 quadringenta
1123 2797 1186 2830 aut
1208 2791 1385 2841 pleraque
1407 2801 1627 2841 proponam,
1661 2791 1775 2840 selegi
1803 2796 1888 2829 octo
1914 2802 1954 2828 ea
1985 2791 2117 2841 capita,
2144 2803 2240 2841 quae
2266 2792 2305 2829 in
2332 2793 2464 2842 primis

318 2863 455 2901 codicis
494 2862 590 2901 foliis
628 2863 803 2915 leguntur
839 2863 900 2909 (cf.
930 2861 975 2899 Μ.
1005 2862 1075 2900 nh.
1103 2861 1138 2899 ll.
1170 2862 1223 2911 5),
1261 2873 1368 2912 quae,
1407 2873 1492 2900 cum
1531 2872 1607 2900 non
1646 2862 1689 2899 ad
1728 2861 1927 2900 sanitatem
1957 2862 2021 2900 sed
2055 2863 2099 2900 ad
2133 2862 2392 2902 educationem
2428 2870 2466 2901 et

318 2933 478 2971 formam
517 2943 698 2982 equorum
738 2933 960 2982 pertineant,
998 2932 1047 2970 ab
1081 2932 1215 2981 eclogis
1252 2925 1338 2970 vere
1376 2932 1603 2982 hippiatricis
1643 2932 1774 2971 merito
1812 2932 1976 2970 seiuncta
2011 2938 2112 2971 sunt.
2170 2932 2315 2971 Etenim
2356 2934 2463 2982 digna

500 3074 524 3112 1)
549 3055 597 3107 ct.
622 3074 706 3106 min.
733 3085 762 3106 a.
785 3075 816 3105 h.
840 3073 1002 3107 v111166.

2155 3126 2195 3162 1*
