2782 3269
218 803 255 833 10

223 1158 258 1188 15

219 1504 259 1534 20

1225 65 1506 104 -27-

384 169 409 206 3
442 172 650 219 Βαρκαῖοι
677 169 871 220 μήκιστοι
901 171 951 208 τὰ
979 170 1023 209 ἐκ
1050 173 1124 211 τοῦ
1143 175 1338 221 κενεῶνος

303 239 362 284 εἷς
398 238 471 284 τὰς
509 235 771 289 ὠμοπλάτας.
826 237 988 285 τούτοις
1015 239 1162 292 μόνοις
1191 246 1338 283 ἵππων

299 306 323 359 ἦ
343 307 469 357 φύσις
486 306 653 357 μείζους
671 307 908 360 ἐδωρήσατο
934 309 1129 362 πλευράς,
1160 311 1337 360 σπάθας

298 375 378 429 γάρ
416 376 583 427 ἔχουσιν
620 376 851 430 δεκατρεῖς,
895 380 976 420 τῶν
1017 379 1154 421 ἄλλων
1192 386 1337 424 ἵππων

302 446 480 495 ἐχόντων
507 445 681 487 δώδεκα.

381 520 406 557 4
437 517 661 570 Δαλμάται
685 516 895 571 ’Λρμένιοι
924 521 1033 561 εἶναί
1061 535 1134 574 μοι
1164 522 1335 564 δοκοῦσι

301 585 372 626 καὶ
402 587 572 639 Φρύγες.
629 590 711 627 εἰσὶ
749 589 796 628 δὲ
834 590 1075 642 ἐμβριθεῖς,
1114 591 1188 645 τήν
1216 593 1336 646 ῥάχιν

300 656 443 707 κοίλην
471 657 651 705 ἔχοντες,
687 659 761 696 διὰ
789 660 836 697 δὲ
863 662 941 697 τῶν
971 662 1118 709 ἰσχίων
1147 663 1334 710 πλατεῖς,

301 724 555 778 ἡμερώτατοι
600 729 670 767 καὶ
707 726 1027 770 εὖπειθέστατοι
1066 734 1255 782 μέγιστοί
1292 749 1335 773 τε

302 796 371 834 καὶ
387 794 601 836 κάλλιστοι
621 799 763 851 καὶτῷ
782 798 1014 852 φρονήματι
1036 798 1333 853 ἀνδρειότατοι.

303 863 352 905 οὐ
379 866 460 918 μὴν
487 870 673 916 γίνονται
702 867 851 908 πολλοὶ
880 871 1076 910 τοιοῦτοι.

382 938 405 975 5
437 938 637 978 Θετταλοὶ

667 1082 846 1131 μέγεθος
874 1083 950 1132 μέν
979 1083 1062 1121 εἶσι
1093 1082 1334 1135 σύμμετροι,

305 1147 484 1200 πλευρὰς
522 1147 807 1202 ἆσαρκότεροι,
847 1154 1026 1203 γαστέρα
1055 1151 1150 1205 [οῦκ]
1191 1154 1334 1203 ἶσχνώ-

301 1233 436 1269 μενοι,
466 1220 539 1258 τὸν
567 1221 743 1260 κενεῶνα
769 1223 953 1273 βραχεῖς,
991 1223 1191 1275 τράχηλον
1220 1239 1336 1275 περι-

302 1296 458 1340 φερεῖς,
476 1287 582 1336 ὀξεῖς
605 1288 678 1343 τήν
692 1292 918 1343 καθέδραν,
934 1292 985 1331 τὰ
1000 1294 1108 1332 νῶτα
1125 1295 1334 1340 ἷσοτενεῖς.

382 1360 406 1398 6
445 1358 710 1412 Κενταύρειοί
741 1376 849 1407 τινες
883 1366 1010 1401 ἵπποι
1042 1363 1263 1402 καλοῦνται
1293 1363 1336 1403 ἕν

304 1428 531 1479 Θετταλίᾳ,
576 1425 631 1469 ὦν
675 1428 696 1482 ἡ
735 1431 852 1483 ῥάχις
885 1434 1059 1483 μετρίως
1093 1433 1334 1473 κεκοίλωται

304 1500 363 1544 εἰς
392 1497 560 1552 ἀσφαλῆ
588 1499 799 1552 κάθεδραν
827 1504 899 1541 τοῦ
929 1501 1103 1548 ἱππέως.

308 1610 316 1617 ‚
383 1571 405 1606 7
439 1568 590 1608 Γάλλοι
614 1571 826 1623 φίλυδροι,
858 1571 1087 1623 θυμώδεις,
1118 1572 1331 1624 φιλότιμοι

302 1638 371 1677 καὶ
401 1636 646 1691 φιλόνεικοι.

382 1709 405 1747 8
426 1708 579 1762 Ἴβηρες
599 1712 738 1762 μικροὶ
759 1712 828 1750 καὶ
848 1714 1089 1764 θηρατικοί,
1117 1712 1336 1753 πιστεύον-

391 1819 478 1850 Aea
498 1819 538 1851 ef.
556 1819 691 1862 Oppiani
709 1822 825 1862 Cyneg.
845 1821 1004 1864 12944sqq.
1023 1823 1061 1854 de
1079 1823 1212 1865 Libycis
1229 1825 1335 1865 equis:

344 1872 510 1908 Μείζονες
531 1874 691 1907 εἰσιδέειν
709 1878 834 1915 Λίβυες
855 1878 1014 1917 κρατεροὶ
1035 1875 1208 1919 γεγάασιν,

341 1925 442 1959 ’.ἀλλὰ
467 1926 571 1969 δέμας
595 1928 745 1970 δολιχοί·
771 1929 936 1973 πλευρῇσι
957 1926 1023 1972 γὰρ
1046 1930 1157 1972 ἀμφὶς
1173 1930 1292 1973 ἔχουσι

347 1981 422 2014 mv
445 1980 556 2015 ἄλλων
577 1983 705 2016 πλέονα
730 1986 887 2025 σπαθίην
909 1984 1024 2016 κτένα·
1048 1982 1207 2018 τοῦνεκέν
1224 1986 1293 2018 εἰσι

343 2033 525 2071 Πάσσονες
546 2035 708 2069 εἰσιδέειν
728 2038 786 2068 καὶ
808 2039 1004 2079 κρείσσονες
1026 2034 1104 2074 ἰθὺς
1120 2032 1253 2082 ὂρούειν
1268 2040 1335 2070 κτλ.

385 2091 432 2121 Ad
457 2091 476 2121 6
500 2090 540 2121 cf.
558 2090 707 2122 Gnttins
725 2092 844 2132 Cyneg.
862 2093 923 2123 532

472 2144 621 2187 Spadiees
648 2145 703 2176 vix
725 2144 846 2177 Pellaei
872 2146 1004 2178 vnlnere
1028 2146 1175 2177 Cerauni.

387 2355 399 2386 1
427 2353 578 2395 Βαρκέοι
638 2352 656 2383 2
680 2350 757 2387 τοὺς
810 2354 829 2384 4
853 2352 967 2394 ἔχουσι
991 2352 1017 2383 0
1076 2353 1095 2384 6
1119 2351 1303 2394 Λαλμιῐται
1327 2351 1334 2393 Ι

299 2409 338 2438 de
361 2417 512 2448 equorum
536 2407 725 2446 cognatione
749 2406 788 2437 ef.
807 2406 889 2437 infra
906 2417 935 2447 p.
949 2407 1000 2441 31.
1015 2407 1033 2437 4
1100 2407 1116 2436 7
1141 2406 1334 2448 ἐμβρηθεῖς,

298 2462 471 2503 ἐμβριθεῖς
487 2461 512 2492 0
560 2462 598 2494 14
616 2455 809 2503 σύμμετρον
860 2462 896 2492 15
914 2458 1042 2503 πλευρὰ
1057 2460 1082 2491 Ο
1103 2461 1108 2497 Ι
1129 2453 1332 2501 ὶσχνώμενοι

299 2524 356 2556 pro
371 2514 508 2554 genuino
525 2513 769 2557 ἀιέσταλμέιοι
786 2514 1029 2554 ‘aufgeschiirzt’
1055 2519 1089 2545 ut
1113 2519 1272 2545 nostrates
1296 2515 1334 2544 de

299 2579 403 2600 mucro
421 2570 493 2610 equi
512 2574 638 2606 ventre,
660 2565 721 2600 οὐκ
744 2570 847 2608 igitur
869 2570 1032 2600 delendum
1107 2569 1142 2599 17
1167 2564 1253 2604 ὀξεῖς
1275 2563 1335 2606 τὴν

297 2622 473 2665 καθέδραν
497 2623 537 2654 L:
571 2621 652 2660 ἑξεῖς
680 2623 721 2667 τῇ
748 2622 899 2665 καθέδρᾳ
921 2622 995 2663 CO,
1031 2617 1105 2659 ἰξὺν
1132 2615 1334 2665 εἰκάθεδροι

298 2677 378 2707 coni.
404 2676 459 2707 Lu.
486 2677 492 2717 Ι
518 2678 677 2711 ἰσοτενεῖς
698 2677 740 2707 L:
764 2678 924 2711 ὶσοτελεῖς
946 2677 1004 2708 CO
1077 2676 1111 2706 18
1134 2671 1333 2718 Κενταύριοι

958 2731 996 2763 21
1024 2727 1140 2769 Γάλοι,
1164 2724 1284 2760 Γάλλοι
1307 2728 1332 2760 Ο

302 2730 339 2762 19
362 2731 553 2762 κεκοίλαται
575 2730 601 2761 0
690 2731 730 2762 20
753 2731 879 2766 ίππέος

1367 3059 1370 3093 ῃ
1404 3061 1492 3082 nemo
1517 3061 1708 3091 cognoscere
1732 3051 1836 3093 potuit

1488 173 1598 219 (598)
1620 169 1763 209 Ἴπποι
1792 171 1839 209 δὲ
1869 175 1889 220 [.
1911 200 1919 208 .
1942 175 1961 219 .]
1991 171 2042 208 τὰ
2075 171 2118 208 ἐκ
2146 174 2218 210 τοῦ
2247 174 2438 217 κενεῶνος

1407 243 1467 287 εἷς
1508 240 1580 285 τὰς
1621 241 1721 289 (cod.
1763 240 1872 287 τοὺς)
1916 238 2167 290 ὠμοπλάτας
2209 240 2352 289 πολυ[.
2375 270 2383 278 .
2404 243 2436 289 .]

1407 381 1531 433 <δεκ>
1542 383 1694 433 ατριῶν
1723 380 1909 431 πλευρῶν
1938 379 2066 427 ὄντες,
2096 381 2176 419 τῶν
2202 377 2337 419 ἄλλων
2357 379 2438 419 δώ-

1406 452 1506 491 δεκα
1534 451 1720 501 ἐχόντων.

1486 522 1595 572 (599)
1619 520 1695 572 Ἕ[.
1717 552 1724 561 .
1745 524 1822 572 .]αι
1855 525 1985 561 ἵπποι

2008 591 2227 641 ἐμβριθεῖς
2257 592 2340 629 εἶσι
2369 594 2438 629 καὶ

1406 661 1658 713 ἡμερώτατοι
1698 662 1766 699 καὶ
1796 661 1848 709 ά[.
1874 691 1881 698 .
1903 665 1926 709 .]
1944 660 2181 706 κάλλιστοι,
2221 661 2291 710 τὴν
2320 660 2440 710 ῥάχιν

1404 731 1547 784 κοίλην
1593 730 1753 781 ἔχοντες
1800 730 1871 770 διὰ
1917 730 1963 770 δὲ
2009 731 2089 769 τῶν
2129 732 2225 779 ιοχ[.
2248 760 2256 768 .
2279 732 2298 779 .]
2310 744 2437 776 οντες,

1404 801 1592 848 πλατεῖς,
1614 803 1803 852 μέγιστοι
1822 801 1890 839 καὶ
1907 801 1952 840 τό
1970 799 2162 851 φρόνημα
2177 799 2436 851 κυδρότατοι.

1405 870 1452 910 οὐ
1482 872 1563 923 μὴν
1590 874 1775 918 γίνονται
1806 871 1955 910 πολλοὶ
1985 872 2183 909 τοιοῦτοι.

1488 940 1540 981 Οἳ
1563 941 1763 981 Θετταλοὶ
1792 946 1921 981 ἵπποι
1948 941 2080 980 δεινοὶ
2100 941 2175 992 μὲν
2195 941 2253 986 εἷς
2273 941 2318 979 τὸ
2341 951 2438 978 συν-

1406 1011 1550 1051 ελάσαι
1570 1014 1733 1064 θηρίον,
1762 1011 1919 1060 ἀγαθοὶ
1937 1012 1983 1050 δὲ
1999 1013 2057 1057 εἷς
2073 1008 2266 1062 ἅμιλλαν,
2283 1011 2436 1060 ἐριστι-

1406 1083 1472 1121 κοὶ
1487 1081 1572 1134 γάρ.
1589 1084 1768 1133 μέγεθος
1777 1081 1823 1120 δέ
1835 1078 1917 1121 εἶσι
1930 1080 2170 1133 σύμμετροι,
2180 1082 2250 1127 τὰς
2259 1080 2438 1131 πλευρὰς

1406 1150 1693 1205 ἇσαρκότεροι,
1715 1155 1893 1203 γαστέρα
1913 1150 2221 1202 ἀνεσταλμένοι,
2238 1150 2438 1203 τράχηλον

1408 1230 1666 1274 περιφερεῖς,
1710 1222 1753 1267 ἐξ
1790 1218 1864 1274 ἧς(
1894 1223 1941 1277 τῇ
1979 1222 2189 1274 καθέδρᾳ,
2232 1222 2281 1260 τὰ
2331 1224 2438 1260 νῶτα

1408 1293 1616 1338 ἰσοτενεῒς.

1490 1361 1755 1413 Κενταύρειοι
1786 1363 1834 1401 δέ
1861 1376 1969 1408 τινες
2000 1366 2128 1401 ἵπποι
2155 1360 2373 1400 καλοῦνται
2395 1361 2439 1399 ἐν

1406 1431 1628 1481 Θετταλίᾳ,
1660 1428 1715 1471 ὦν
1741 1431 1786 1470 αἱ
1815 1431 1953 1484 ῥάχεις
1977 1435 2150 1483 μετρίως
2178 1430 2437 1470 κεκοίλανται

1406 1504 1464 1548 εἷς
1493 1500 1659 1554 ἀσφαλῆ
1689 1502 1903 1553 καθέδραν
1932 1505 2003 1542 τοῦ
2033 1501 2207 1548 ἱππέως.

1485 1573 1595 1621 (609)
1637 1576 1779 1611 ἵππων
1808 1573 1854 1611 δὲ
1892 1575 1958 1624 φ[.
1983 1602 1991 1610 .
2014 1575 2034 1621 .]
2054 1574 2178 1622 ὧροι,
2223 1570 2437 1622 φίλυδροι,

1409 1642 1667 1693 θυμοειδεῖς,
1698 1641 1913 1694 φιλότιμοι
1944 1654 1968 1680 σ
1985 1645 2007 1692 [.
2031 1673 2038 1679 .
2060 1644 2081 1690 .]
2101 1656 2131 1693 φ

1478 1710 1650 1763 Ἰβήριοι
1686 1713 1732 1751 δὲ
1768 1716 1896 1751 ἵπποι
1926 1714 2067 1763 μικροὶ
2097 1714 2164 1750 καὶ
2196 1714 2436 1762 θηρατικοί,

1492 1823 1540 1852 Ad
1565 1832 1594 1853 v.
1613 1823 1652 1853 23
1677 1821 1716 1853 cf.
1741 1822 1875 1863 Oppiani
1899 1822 2015 1863 Cyneg.
2035 1821 2124 1852 1278

1531 1899 1538 1906 .
1555 1899 1562 1906 .
1582 1900 1589 1906 .
1615 1873 1791 1918 Πάρθοισι
1812 1877 1903 1917 μέγα
1927 1877 2168 1917 προφέρουσιν
2183 1873 2308 1916 Ἴβηρες

1531 1927 1734 1972 Ὠκυτέροισι
1758 1925 1904 1960 πόδεσσι
1927 1932 2145 1971 κροαίνοντες
2168 1927 2307 1959 πεδίοιο

1449 2038 1509 2069 284
1538 2036 1674 2069 Τόσσον
1690 2035 1815 2079 Ἴβηρες
1837 2037 1911 2068 ἔασι
1934 2039 2013 2068 θοοὶ
2035 2036 2147 2072 πόδας
2171 2033 2386 2078 ἠνεμόεντας.

1527 2091 1611 2124 Ἀλλ’
1636 2090 1747 2132 ὀλίγοι
1768 2094 1864 2131 βαιοί
1885 2102 1916 2123 τε
1938 2092 2040 2133 μένος
2062 2092 2117 2122 καὶ
2139 2086 2319 2125 ἀνάλκιδες
2336 2084 2418 2132 ἦτορ

1531 2146 1600 2176 Καὶ
1613 2141 1748 2188 δρόμον
1761 2143 1796 2176 ἐν
1808 2144 1993 2187 παύροισιν
2004 2139 2220 2186 ἐλεγχόμενοι
2237 2144 2438 2175 σταδίοισιν.

1525 2200 1631 2230 Εἴδεα
1654 2199 1682 2230 δ’
1696 2196 1927 2241 ἁγλαὸμορφα
1951 2199 2073 2230 κλυτὸν
2088 2199 2195 2239 δέμας
2210 2195 2439 2239 ἀμφιέσαντο,

1529 2250 1653 2292 Ὁπλὴν
1668 2251 1697 2283 δ’
1711 2250 1749 2283 οὗ
1765 2250 1939 2294 κρατερὴν,
1957 2249 2188 2295 πηλότροφον,
2205 2249 2437 2292 εὐρυπέδιλον.

1491 2352 1509 2382 2
1532 2351 1624 2382 πολυ
1647 2352 1674 2382 si
1698 2355 1784 2382 reete
1802 2350 1962 2387 traditum,
1982 2350 2112 2380 verbum
2132 2349 2221 2380 velut
2237 2348 2435 2390 διαφέρουσι

1403 2405 1603 2436 adiciendum
1628 2414 1699 2435 esse
1724 2405 1853 2435 videtur
1927 2405 1945 2434 4
1972 2403 2065 2443 <δεκ>
2091 2403 2191 2443 suppl.
2217 2403 2240 2432 L
2301 2405 2319 2434 6
2343 2405 2375 2434 E
2396 2413 2435 2433 ex

1403 2461 1436 2490 A
1461 2459 1513 2490 vel
1537 2459 1571 2489 οἱ
1593 2463 1778 2498 corruptum
1802 2468 1873 2488 esse
1897 2459 1988 2488 docet
2004 2457 2027 2487 C
2087 2457 2105 2488 8
2129 2455 2434 2497 ά<ναβαίνεσθαι>

1404 2513 1458 2551 La,
1483 2514 1537 2542 vix
1561 2518 1660 2551 recte,
1684 2512 1829 2553 quoniam
1854 2509 2109 2542 εὐπειθέστατοι
2133 2511 2155 2540 C
2244 2512 2262 2541 9
2288 2512 2439 2551 ἰσχ<ίων

1405 2566 1673 2609 προβαίν>οντες
1700 2566 1755 2604 La,
1780 2566 1931 2605 displicet
1955 2566 2084 2595 verbum
2177 2566 2212 2595 10
2237 2562 2438 2608 κυδρότατοι

1402 2630 1439 2652 ae
1454 2631 1511 2651 non
1525 2614 1751 2662 ἀνδρειότατοι
1770 2620 1938 2659 genuinum
1956 2628 2027 2649 esse
2041 2619 2180 2657 videtur,
2198 2628 2266 2649 unm
2280 2620 2360 2650 illud
2376 2620 2437 2649 iam

1404 2674 1535 2712 legimus
1562 2684 1587 2712 p.
1606 2674 1657 2711 26,
1672 2673 1709 2703 14
1733 2673 1894 2712 magisque
1918 2674 2076 2711 poeticum
2100 2678 2159 2709 est,
2183 2672 2223 2702 cf.
2240 2669 2439 2713 ἆγχέμαχος

1404 2726 1485 2759 infru
1503 2738 1528 2768 p.
1543 2726 1593 2767 28,
1609 2726 1659 2764 18,
1682 2722 1852 2768 ἀγέρωχος
1877 2736 1903 2766 ρ.
1918 2726 2021 2765 29,18
2036 2726 2111 2757 aliu.
2143 2726 2252 2766 Neque
2270 2725 2437 2757 fortuitum

1403 2786 1462 2820 est,
1476 2781 1556 2822 quod
1571 2780 1698 2810 verbum
1712 2780 1743 2810 in
1759 2780 1897 2819 pedestri
1912 2780 2058 2810 oratione
2073 2790 2131 2810 non
2146 2781 2266 2818 legitur
2281 2781 2343 2810 nisi
2357 2780 2438 2820 :pud

1402 2835 1642 2875 Xenophontem
1673 2835 1711 2864 de
1735 2844 1769 2864 re
1794 2834 1937 2873 equestri
1964 2833 2018 2872 10,
2038 2833 2075 2863 16
2167 2834 2204 2865 16
2227 2834 2297 2872 lege
2320 2844 2388 2864 eum
2414 2834 2437 2864 L

1403 2887 1488 2925 ὀξεῖς
1510 2885 1570 2928 τὴν
1591 2886 1764 2931 καθέδραν
1831 2887 1869 2919 18
1893 2881 2091 2931 Κενταύριοι
2171 2888 2207 2917 21
2235 2888 2331 2918 verba
2356 2888 2387 2917 in
2413 2887 2437 2917 D

1403 2944 1441 2974 ad
1464 2943 1555 2973 finem
1578 2942 1692 2982 capitis
1716 2942 1847 2981 tradita,
1882 2942 1936 2972 ubi
1971 2943 2042 2982 equi
2066 2942 2169 2972 Siculi
2201 2942 2438 2980 deseribuntur,

1403 2996 1442 3028 cf.
1460 2995 1541 3028 infru
1565 3007 1590 3037 p.
1607 2996 1657 3035 29,
1671 2996 1726 3028 26:
1749 2996 1787 3027 de
1812 2997 1940 3037 proprio
1964 3005 2113 3038 equorum
2135 3006 2253 3035 genere
2277 2997 2329 3036 agi
2353 3006 2393 3027 ex
2414 2997 2437 3027 D

1924 3051 1963 3081 22
1987 3049 2165 3093 σώφρονε,-
2188 3052 2315 3092 supplet
2340 3051 2382 3082 La

2124 3104 2167 3140 4⁸
