2782 3269
1252 98 1530 138 —13-

1331 294 1453 344 VH.

986 393 1013 437 G
1042 406 1077 444 p.
1098 393 1134 432 8.
1184 390 1336 431 Ἵππου
1365 390 1534 430 σκολιοῦ
1563 391 1802 441 δοκιμασία.

507 504 589 544 Τὸν
617 502 664 543 δὲ
693 501 861 542 σκολιὸν
890 501 1036 549 πολὺν,
1068 502 1157 558 εἰκῇ
1185 501 1574 553 συμπεφορημένον,
1605 498 1919 551 κρατεραύχενα,
1958 499 2307 553 βραχυτράχηλον,
2339 512 2459 552 σιμο-

322 573 566 627 πρόσωπον,
605 572 873 625 μελάγχρουν,
912 572 1209 624 λευκόμματον,
1249 569 1449 623 ὕφαιμον,
1488 569 1564 610 ὠσὶ
1600 569 1762 618 λάσιον,
1799 568 1958 622 κωφόν,
1993 571 2096 622 μετὰ
2132 573 2306 622 κέντρων
2342 571 2462 622 μόλις

322 644 561 685 ὑπείκοντα.

502 777 521 808 2
544 776 590 807 De
614 775 725 807 mutila
749 774 908 806 sententia
933 772 972 805 cs.
998 772 1081 805 infra
1107 773 1112 814 Ι
1136 771 1246 806 πολὺν
1267 772 1339 813 εἰκῆ
1359 773 1446 805 nulla
1470 772 1679 804 distinetione
1704 774 1789 804 inter
1814 782 1846 804 se
1871 773 1986 814 posita,
2010 777 2044 804 ut
2068 772 2210 804 Platonis
2234 773 2359 804 codices
2377 772 2432 804 BT
2456 772 2461 813 Ι

321 826 580 874 βαρυῐράχηλον
620 829 627 869 Ι
665 824 951 871 σημοπρόσωπον
1037 828 1056 859 3
1079 824 1331 870 λευκὸμματονε
1353 824 1618 869 γλαυκόμματον
1640 826 1731 858 Plato

500 940 542 978 In
571 941 780 990 fragmento
808 945 912 977 sexto
940 938 1151 987 gravissima
1179 944 1280 983 sunt,
1309 949 1403 987 quae
1423 938 1445 976 l.
1462 937 1485 976 3
1506 938 1592 976 inde
1612 948 1630 974 a
1651 934 1834 988 κεφαλήν
1852 935 2004 987 μικρὰν
2025 948 2141 986 usque
2161 937 2205 974 ad
2228 935 2464 987 ἕπηρμένας

323 1014 347 1051 l.
368 1012 414 1051 13
444 1012 489 1051 de
517 1012 602 1062 equi
631 1010 721 1050 boni
741 1011 858 1049 forma
878 1010 1063 1060 leguntur.
1103 1009 1138 1048 ld
1164 1010 1263 1060 quod
1284 1015 1324 1048 ut
1346 1009 1477 1048 melius
1497 1009 1668 1059 cognosci
1688 1009 1815 1059 possit,
1836 1009 2001 1047 omnium
2023 1008 2246 1059 scriptorum
2267 1014 2461 1058 poetarum

323 1083 545 1122 Graecorum
567 1082 820 1120 Romanorum
841 1080 887 1119 de
906 1081 1032 1119 eadem
1052 1091 1092 1118 re
1112 1081 1211 1118 locos
1231 1081 1301 1119 sub
1319 1091 1394 1118 uno
1414 1086 1614 1130 conspectu
1634 1080 1753 1130 posui.
1794 1079 1971 1117 Tabulam
1991 1086 2115 1118 autem
2136 1079 2186 1117 ita
2207 1079 2396 1127 constitui,
2425 1086 2465 1116 ut

323 1153 507 1194 ordinem,
536 1164 610 1201 quo
634 1156 906 1190 enumerantur
936 1151 1022 1200 equi
1052 1151 1231 1194 membra,
1261 1162 1280 1187 a
1310 1152 1473 1188 Varrone
1502 1155 1688 1188 servatum
1717 1155 1939 1199 repeterem.
1996 1151 2023 1187 Α
2054 1162 2128 1199 quo
2160 1150 2221 1187 ubi
2251 1150 2463 1192 Columella,

323 1222 547 1274 Geoponica,
585 1222 611 1261 C
639 1226 885 1267 recesserunt,
915 1220 985 1259 hoc
1014 1221 1179 1259 numeris
1208 1220 1341 1260 additis
1371 1220 1580 1271 significavi.
1638 1220 1854 1260 Ceterorum
1883 1220 2034 1259 testium
2070 1232 2164 1270 quae
2193 1220 2285 1258 nihil
2313 1219 2356 1258 ad
2385 1231 2462 1258 rem

323 1293 446 1332 facere
466 1291 698 1337 videbantur,
728 1291 889 1330 melioris
918 1296 1142 1341 conspectus
1171 1302 1279 1329 causa
1310 1291 1487 1340 praecidi:
1517 1291 1553 1328 id
1583 1291 1682 1341 quod
1711 1290 1894 1341 imprimis
1923 1290 1967 1328 de
1989 1291 2140 1328 Simone
2161 1296 2198 1328 et
2218 1290 2465 1340 Xenophonte

325 1375 473 1402 moneo.
541 1362 718 1400 Consulto
748 1367 870 1400 autem
900 1361 1041 1410 neglexi
1069 1361 1307 1410 Pelagonium
1336 1373 1415 1411 cap.
1436 1362 1472 1406 2,
1511 1362 1650 1411 quippe
1687 1362 1751 1410 qui
1781 1361 2002 1398 Columellae
2031 1361 2318 1410 descriptionem
2359 1361 2465 1397 anxie

323 1433 595 1484 repetiverit1),
644 1438 680 1471 et
723 1432 924 1477 Isidorum,
967 1432 1072 1470 cuius
1114 1432 1158 1470 de
1200 1431 1285 1482 equi
1327 1432 1446 1470 forma
1488 1431 1608 1482 Etym.
1637 1431 1936 1476 xl11,45—47
1980 1431 2024 1469 ad
2060 1431 2270 1480 Palladium,
2300 1430 2463 1469 redeant.

324 1504 426 1549 Quae
447 1503 476 1541 G
497 1502 575 1541 262
603 1503 643 1541 in
672 1503 769 1541 calce
799 1502 843 1540 de
872 1502 1000 1540 eadem
1030 1513 1071 1539 re
1101 1503 1276 1551 leguntur
1304 1514 1322 1539 a
1352 1500 1419 1540 δεῖ
1445 1501 1575 1540 ταῦτα
1604 1500 1712 1550 ἔχειν
1740 1501 1812 1539 τὸν
1841 1504 1988 1549 ἵππον,
2018 1501 2173 1538 omnino
2204 1512 2280 1538 non
2310 1501 2463 1550 antiqua

325 1579 425 1615 sunt,
455 1574 553 1613 sicut
580 1586 624 1612 ex
655 1573 791 1612 voculis
821 1573 1033 1622 neograecis
1061 1578 1230 1623 apparet:
1261 1573 1384 1623 itaque
1412 1573 1451 1610 in
1481 1572 1607 1611 codice
1626 1572 1935 1622 Hippiatricorum
1959 1572 1985 1609 B
2008 1573 2068 1619 (cf.
2091 1583 2200 1621 supra
2223 1584 2258 1621 p.
2277 1573 2299 1610 5
2321 1573 2465 1620 annot.)

325 1644 443 1694 primo
473 1644 674 1682 defuerunt
701 1650 739 1682 et
766 1644 1022 1682 recentissima
1054 1655 1166 1682 manu
1197 1643 1235 1681 in
1265 1643 1351 1681 folio
1373 1642 1445 1681 331
1465 1655 1488 1681 v
1517 1649 1682 1681 ceterum
1711 1655 1806 1692 puro
1835 1643 1977 1692 appicta
2007 1650 2105 1680 sunt.
2145 1642 2272 1692 Neque
2293 1643 2463 1691 vegetius

325 1713 408 1750 v16
428 1720 465 1751 et
487 1714 509 1750 7
538 1715 612 1752 huc
639 1715 813 1763 pertinet,
844 1715 906 1763 qui
939 1715 1136 1751 multarum
1156 1715 1352 1751 nationum
1372 1715 1542 1758 virtutes,
1572 1725 1662 1762 quas
1683 1714 1722 1750 in
1743 1725 1815 1751 usu
1836 1719 2038 1762 praestent,
2057 1724 2292 1757 enumerans,
2324 1714 2462 1750 nullam

323 1783 483 1834 speciem
515 1783 588 1822 nisi
617 1783 841 1823 Hunnorum
871 1791 909 1823 et
938 1783 1132 1822 Persarum
1164 1795 1345 1834 equorum
1376 1783 1582 1822 accuratius
1611 1782 1807 1829 describit;
1845 1782 1890 1820 cf.
1919 1782 2015 1820 infra
2045 1794 2079 1833 p.
2102 1782 2164 1821 30.
2222 1781 2464 1820 Theomnesti

323 1859 448 1892 autem
478 1853 576 1904 περὶ
604 1852 806 1905 §meinric
833 1857 981 1892 ἵππων
1009 1855 1230 1904 inscriptum
1260 1860 1379 1904 caput,
1419 1855 1516 1904 quod
1547 1855 1666 1892 adhuc
1694 1854 1732 1890 in
1765 1854 1792 1891 C
1820 1865 1854 1903 p.
1878 1853 2088 1891 334—344
2120 1853 2207 1890 latet
2237 1853 2296 1899 (cf.
2329 1853 2397 1890 Rh.
2419 1853 2461 1889 Μ.
2514 1895 2517 1899 ,

323 1925 387 1969 51,
408 1924 487 1974 61),
526 1936 611 1962 cum
650 1936 726 1962 non
764 1937 879 1975 pauca
913 1925 1114 1973 singularia
1142 1924 1315 1974 praebeat
1343 1936 1465 1974 neque
1492 1924 1617 1962 tulerit
1644 1930 1800 1961 aetatem
1832 1924 1905 1961 nisi
1935 1924 2146 1961 foedissime
2175 1929 2393 1972 corruptum
2425 1930 2462 1960 et

326 1995 549 2040 mutilatum,
579 2007 771 2047 segregare
801 1995 922 2034 malui.
963 1995 1017 2033 Ad
1046 2007 1124 2034 rem
1154 1995 1424 2034 diiudicandam
1447 1995 1539 2033 nihil
1559 1996 1666 2033 valet.
1705 1995 1864 2033 Pollucis
1889 1994 1904 2032 1
1928 1993 2002 2032 188
2018 2006 2098 2043 sqq.
2119 1994 2282 2043 denique
2302 1994 2344 2031 ad
2367 1994 2466 2043 ipsos

330 2066 532 2116 scriptores
561 2067 701 2106 Atticos
729 2067 852 2105 redire
882 2066 1127 2106 demonstrari
1157 2074 1293 2117 potest.
1350 2067 1423 2105 Sed
1452 2067 1532 2105 vide
1563 2068 1612 2105 sis
1641 2067 1738 2118 ipse:

495 2196 528 2240 (¹)
562 2197 730 2239 Discrepat
763 2198 953 2239 aliquotiens
977 2197 1169 2237 Pelagonins
1204 2207 1221 2228 a
1245 2196 1440 2236 Columella,
1476 2198 1514 2228 de
1547 2207 1606 2238 qua
1644 2207 1679 2228 re
1702 2197 1819 2228 Ihmius
1855 2197 1884 2226 in
1910 2196 2137 2227 commentario
2162 2205 2222 2225 non
2247 2195 2362 2235 ubique
2387 2196 2465 2225 satis

325 2255 474 2282 accurate
498 2251 576 2290 egit,
600 2262 670 2283 cum
694 2262 754 2283 non
778 2253 870 2293 parvi
893 2252 1044 2283 momenti
1067 2252 1113 2283 sit
1135 2252 1175 2283 ad
1198 2256 1365 2283 contextus
1388 2253 1549 2283 amborum
1574 2256 1665 2283 recte
1688 2250 1939 2282 constituendos.
1976 2249 2016 2280 Et
2039 2250 2071 2280 in
2096 2259 2163 2290 cap.
2182 2249 2200 2280 2
2217 2248 2284 2280 Pel.
2308 2259 2370 2279 uno
2395 2250 2465 2280 loco

324 2304 401 2343 (tab.
417 2304 448 2336 3.
463 2305 507 2343 4),
530 2304 585 2336 ubi
607 2306 708 2337 codex
727 2305 890 2346 Pelagonii
913 2305 1055 2337 ‘naribus
1079 2309 1114 2337 et
1135 2305 1283 2337 arrectis’
1308 2294 1471 2347 perperam
1494 2306 1639 2347 praebet,
1660 2304 1778 2336 lhmius
1802 2303 1947 2344 pleniora
1964 2303 2158 2335 Columellae
2184 2304 2281 2335 verba
2305 2304 2464 2335 restituit.

325 2358 448 2390 Tabula
472 2363 582 2391 nostra
606 2364 752 2401 respecta
775 2360 957 2400 ceterisque
980 2359 1118 2391 testibus
1142 2361 1263 2392 auditis
1286 2369 1345 2399 ego
1368 2364 1444 2401 puto
1468 2369 1576 2391 omnes
1599 2359 1767 2399 Pelagonii
1793 2358 2028 2400 discrepantiae
2056 2358 2109 2389 hie
2138 2362 2310 2399 temporum
2336 2358 2466 2389 iniuriis

326 2413 514 2446 tribuendas
537 2423 623 2446 esse:
647 2413 681 2446 P.
707 2414 775 2456 ipse
798 2413 995 2446 Columellae
1017 2418 1202 2447 contextum
1225 2415 1408 2447 lacunosum
1431 2418 1465 2447 et
1486 2414 1713 2456 interpolatum
1737 2424 1827 2457 manu
1851 2413 2033 2445 versavisse
2059 2413 2197 2444 videtur.
2237 2412 2337 2444 Habet
2360 2417 2465 2444 autem

324 2467 359 2499 P.
385 2466 437 2507 (cf.
455 2467 520 2499 tab.
536 2468 587 2506 10)
610 2469 789 2500 ‘numeroso
814 2468 968 2510 pectore’:
992 2469 1074 2510 quod
1096 2468 1149 2500 hic
1170 2469 1262 2500 deest
1284 2468 1507 2500 ‘musculorum
1528 2468 1619 2499 toris'
1636 2469 1722 2500 iuter
1740 2471 1772 2501 11
1792 2472 1823 2499 et
1842 2468 1891 2508 12,
1913 2472 2069 2508 tamquam
2093 2467 2220 2508 propria
2245 2472 2318 2498 nota
2342 2468 2396 2505 sit,
2419 2467 2464 2497 ita

325 2522 501 2554 constituta
518 2523 655 2562 legitur:
681 2524 845 2555 ‘musculis
862 2524 894 2555 in
912 2528 980 2554 toto
997 2533 1133 2565 corpore
1147 2523 1353 2566 extantibus&
1387 2522 1488 2555 Valde
1504 2524 1617 2554 mirum
1636 2523 1674 2554 19
1690 2522 1796 2554 ‘causa
1820 2523 1914 2561 longa
1938 2527 1971 2553 et
1995 2532 2054 2552 non
2080 2526 2188 2553 setosa
2210 2521 2283 2561 quia
2306 2520 2465 2559 abdecet’3

325 2581 435 2618 aperte
469 2577 568 2617 igitur
590 2577 624 2609 P.
660 2576 742 2610 fonti
776 2588 833 2610 suo
868 2576 1069 2618 refragatum
1103 2578 1136 2610 in
1172 2578 1269 2610 verbo
1304 2578 1455 2609 ‘abdeca'
1489 2577 1709 2617 cognoscimus
1737 2577 1874 2616 glossam
1899 2575 2024 2607 infimae
2047 2576 2176 2608 aetatis.
2222 2575 2263 2607 20
2288 2576 2410 2607 omittit
2434 2575 2465 2607 P.

326 2630 524 2671 ‘aequalibus
555 2635 649 2671 atque
683 2630 784 2669 albis’,
819 2632 902 2662 idem
932 2632 971 2662 23
996 2630 1175 2670 ‘rotundis'‚
1209 2631 1264 2662 ubi
1286 2630 1339 2662 ‘et’
1363 2635 1433 2670 post
1456 2629 1623 2661 ‘clunibus'
1658 2631 1763 2669 addit,
1800 2631 1839 2660 23
1874 2640 1931 2670 pro
1955 2629 2069 2660 ‘duris’
2095 2629 2192 2660 habet
2213 2630 2351 2669 ‘nigris‘‚
2386 2630 2467 2669 quod

327 2684 506 2717 scribarum
530 2684 644 2717 calami
668 2695 810 2717 errorem
834 2695 904 2718 esse
929 2685 1080 2718 arbitror.
