2782 3269
1247 71 1527 114 ,25-

315 182 523 236 Gooponica
561 194 647 223 cum
686 181 863 223 Romanis
905 185 1148 234 scriptoribus
1192 187 1421 234 comparanti
1464 185 1500 222 id
1543 185 1716 222 facillime
1756 184 1948 233 contingit.
2004 184 2151 222 Utinam
2197 196 2279 223 mox
2325 182 2457 235 aliquis

315 257 480 295 laborem
520 257 640 294 bonae
685 255 800 302 frugis
843 254 1100 304 plenissimum
1147 253 1340 305 suscipiat!
1407 255 1504 293 Satis
1549 256 1707 292 multum
1754 255 1853 291 enim
1893 257 2070 303 temporis
2108 258 2249 305 lapsum
2297 262 2368 299 est,
2417 267 2459 293 ex

317 339 392 377 quo
429 326 633 366 Buecheler
670 325 756 373 (Rh.
782 324 829 362 M.
859 324 921 370 39,
947 323 1045 374 391)
1080 323 1224 375 primns
1266 325 1478 363 errantibus
1518 325 1613 363 viam
1659 325 1896 370 monstravit,
1940 323 2115 364 neinzius
2158 331 2258 364 recte
2296 326 2334 363 in
2372 326 2459 364 nni·

316 409 464 437 versum
504 396 569 435 sed
608 395 720 434 nimis
758 394 918 434 breviter
955 401 994 435 ct
1029 407 1160 446 parum
1199 402 1368 435 accurate
1407 396 1452 434 de
1486 408 1526 435 re
1557 396 1772 445 gravissima
1806 395 2056 446 disputavit¹).
2113 395 2167 434 Ne
2201 395 2461 434 obliviscamur

316 467 406 506 illud
445 478 539 517 opus
579 465 903 515 redintegrandum
945 477 1043 510 esse,
1082 464 1142 504 cui
1181 465 1504 514 Carthaginienses
1544 465 1699 511 debent,
1738 466 1835 516 quod
1874 466 1911 503 in
1951 465 2104 504 historia
2143 467 2349 503 litterarum
2388 466 2463 503 im-

318 537 493 575 mortales
537 542 639 574 sunt.
713 535 763 573 Iis
808 548 895 574 vero
940 535 1004 585 qui
1049 536 1205 574 Graecas
1251 537 1393 574 litteras
1438 537 1534 574 solas
1579 537 1830 582 admirantur,
1883 541 2129 573 contemnunt
2173 537 2328 580 alienas,
2372 546 2461 573 con-

317 604 552 645 siderandum
593 611 650 645 est
687 616 706 644 a
734 605 857 645 Cassio
884 604 1056 656 Dionysio
1095 608 1208 645 multa
1245 604 1289 645 de
1317 618 1358 645 re
1387 607 1523 645 rustica
1554 611 1759 657 praecepta,
1798 619 1891 657 quae
1929 606 2024 656 apud
2064 606 2146 656 pius
2185 606 2461 656 quinquaginta,

318 688 411 727 quos
458 682 653 715 enumerat
688 677 803 715 Varro
842 688 891 716 rr.
926 677 1007 723 11,
1037 676 1081 721 8,
1125 678 1327 727 scriptores
1366 678 1523 716 Graecos
1568 678 1722 727 legerat,
1766 678 1842 715 suis
1889 677 2139 715 voluminibus
2184 677 2322 714 inserta
2368 688 2461 713 esse.

316 746 463 793 Quibus
507 746 700 786 Simonem
738 747 1003 786 Atheniensem
1049 748 1222 786 accedere
1263 758 1363 786 nunc
1406 748 1577 787 vidimus.
1648 748 1846 797 Nunquam
1891 759 1977 786 vero
2021 749 2227 796 continget,
2270 752 2311 785 ut
2349 746 2463 784 Cassii

318 818 481 868 Dionysii
518 818 575 856 vel
614 816 813 867 Diophanis
855 818 957 856 libris
999 818 1183 856 restitutis
1220 818 1445 856 Graecorum
1489 825 1683 868 praecepta
1730 830 1748 856 a
1794 817 1957 867 Magonis
2004 818 2120 868 ipsius
2168 817 2360 866 disciplina
2407 816 2464 854 di·

318 888 564 937 stinguamus,
603 888 674 927 nisi
711 890 807 926 forte
847 899 941 926 nova
979 888 1199 927 adminicula
1237 888 1344 927 nobis
1382 900 1463 927 sese
1501 888 1671 927 offerent.

1314 1096 1468 1148 Vm

499 1220 634 1269 Caput,
681 1220 781 1268 quod
826 1219 1087 1268 propositurus
1133 1230 1237 1264 sum,
1285 1219 1341 1256 bis
1388 1219 1525 1268 publici
1571 1220 1662 1257 iuris
1700 1221 1838 1258 factum
1878 1226 1942 1258 est.
2016 1221 2139 1258 Primo
2179 1222 2405 1269 divulgatum
2445 1233 2463 1258 a

319 1291 497 1330 Cramero
534 1290 574 1328 in
611 1290 801 1328 anecdotis
835 1289 981 1328 Graecis
1016 1289 1291 1328 Oxoniensibus
1324 1289 1369 1327 1v
1389 1287 1612 1333 256—258,
1653 1290 1714 1328 ubi
1753 1297 1852 1329 extat
1891 1292 1988 1330 inter
2025 1291 2218 1341 ‘Excerpta
2247 1291 2379 1330 Varia':
2421 1293 2465 1329 de

320 1362 397 1400 eius
431 1361 573 1411 origine
605 1361 656 1398 ait
681 1360 864 1409 Cra(mer)
900 1360 1012 1398 ‘inter
1039 1360 1105 1398 alia
1134 1360 1227 1410 frag.
1257 1372 1277 1398 e
1302 1359 1416 1399 Codd.
1441 1360 1545 1398 Bodl.
1573 1361 1766 1411 exscripsit
1792 1362 1887 1400 doct.
1916 1362 1969 1399 vir
1990 1362 2141 1412 cherry,
2172 1362 2281 1400 Arch.
2308 1361 2392 1400 Sed.
2415 1361 2466 1400 28

321 1433 427 1471 cuius
466 1433 558 1470 haec
595 1438 680 1469 nota
719 1430 933 1480 praefigitur
970 1436 1130 1480 excerpt.
1171 1432 1299 1469 “Aliud
1340 1444 1382 1469 ex
1417 1431 1488 1468 alio
1524 1432 1619 1469 Msto
1658 1433 1748 1481 frag.
1787 1433 2072 1470 communicavit
2116 1445 2260 1470 mecum
2299 1433 2342 1470 cl.
2376 1433 2466 1470 Ber-

320 1501 493 1541 nardus’'.
545 1501 616 1547 Qui
646 1502 761 1540 codex
789 1501 1009 1538 Oxoniensis
1038 1501 1109 1538 iste
1136 1500 1196 1545 sit,
1228 1502 1393 1539 nondum
1421 1512 1550 1539 eruere
1578 1502 1699 1552 potui:
1739 1502 1796 1539 vix
1823 1507 1879 1540 est
1903 1503 2149 1541 Baroccianus
2172 1503 2246 1540 164
2275 1515 2369 1540 saec.
2393 1502 2466 1546 XV,

321 1574 359 1611 in
380 1584 454 1622 quo
476 1570 716 1610 ‘veterinaria'
737 1571 866 1609 insunt
886 1570 983 1608 ‘libri
1004 1570 1100 1616 duo',
1128 1572 1305 1620 quoniam
1327 1573 1357 1609 is
1378 1583 1464 1610 cum
1485 1572 1529 1614 G,
1549 1572 1588 1609 in
1609 1584 1683 1621 quo
1704 1579 1814 1622 caput
1834 1573 2076 1616 desideratur,
2097 1574 2249 1611 omnino
2270 1574 2466 1611 concinere

322 1643 478 1681 videtur.
534 1641 613 1679 Nisi
650 1641 747 1678 forte
785 1640 996 1678 Bernardus
1034 1641 1156 1690 ipsum
1196 1642 1359 1679 codicem
1391 1641 1730 1690 cantabrigiensem
1764 1643 1933 1692 inspexit,
1974 1654 2048 1680 non
2079 1643 2233 1680 dubium
2266 1650 2335 1687 est,
2374 1644 2466 1691 quin

323 1713 496 1751 librarius
535 1712 595 1749 ille
634 1711 854 1748 Oxoniensis
893 1711 1059 1748 codicem
1097 1711 1123 1748 C
1168 1711 1229 1748 hic
1271 1723 1357 1749 cum
1395 1712 1599 1760 pulvisculo
1636 1713 1870 1761 exscripserit
1908 1713 2031 1750 omnia
2070 1713 2204 1750 menda
2243 1718 2279 1749 et
2315 1713 2467 1750 lacunas

323 1782 432 1820 anxie
468 1792 623 1820 servans
661 1787 698 1819 et
735 1781 813 1829 ipse
853 1781 1053 1818 nonnullos
1092 1791 1239 1818 errores
1277 1791 1391 1819 novos
1429 1781 1688 1820 committeus:
1735 1794 1829 1831 quae
1871 1783 1995 1820 omnia
2040 1782 2134 1819 inl'ra
2180 1783 2364 1820 annotabo
2401 1782 2467 1830 (Ο)

323 1864 371 1891 ne
407 1852 553 1902 pusillis
590 1852 739 1901 quidem
779 1850 1037 1899 discrepantiis
1075 1851 1224 1888 omissis
1262 1863 1310 1888 ne
1349 1851 1393 1889 de
1432 1852 1573 1900 origine
1612 1852 1675 1889 ulli
1708 1853 1781 1890 iam
1810 1852 2028 1890 dubitationi
2059 1853 2161 1889 locus
2190 1851 2289 1900 sit¹).
2346 1852 2468 1889 Testis

323 1922 458 1961 tertius
505 1927 629 1961 autem
680 1921 820 1960 accedit
868 1920 1175 1970 hippiatricorum
1224 1921 1339 1959 codex
1378 1920 1625 1959 Londiueusis
1664 1921 1725 1971 (L)
1763 1923 1893 1960 Sloane
1932 1923 2027 1965 745.
2066 1923 2104 1959 in
2144 1934 2218 1971 quo
2256 1923 2316 1959 fol.
2346 1921 2398 1960 28
2414 1934 2468 1971 sq.

324 1998 433 2043 caput
458 1997 623 2042 apparet.
679 1992 770 2029 Cum
798 1991 845 2028 de
869 1991 899 2027 L
923 1991 1139 2040 propediem
1173 1991 1212 2028 in
1237 1992 1366 2029 Museo
1392 1991 1509 2029 Rhen.
1540 1992 1606 2029 vol.
1631 1993 1678 2029 51
1706 1993 1815 2041 paulo
1842 1994 2046 2030 accuratius
2074 1999 2222 2030 acturus
2249 1993 2317 2029 sim
2350 2005 2469 2041 neque

324 2063 528 2113 quidquam
557 2063 642 2100 novi
669 2073 745 2100 uno
774 2062 819 2099 de
839 2061 1023 2099 Thessalis
1049 2062 1155 2111 equis
1186 2062 1267 2100 loco
1297 2068 1450 2112 excepto
1470 2062 1739 2100 Bussemakero
1768 2068 1863 2101 teste
1890 2064 1976 2101 inde
2003 2063 2062 2100 hic
2088 2064 2272 2101 redundet
2300 2063 2362 2109 (cf.
2386 2076 2469 2101 vero

325 2134 437 2173 etiam
466 2146 501 2184 p.
523 2132 604 2179 31),
643 2133 713 2170 hoc
750 2132 951 2170 adnotasse
989 2131 1136 2170 sufficit.
1190 2131 1329 2171 Deinde
1368 2137 1468 2170 extat
1497 2138 1608 2183 caput
1634 2133 1672 2170 in
1703 2133 1829 2171 codice
1855 2133 1975 2172 Athoo
2001 2132 2076 2182 (D),
2114 2145 2188 2183 quo
2214 2133 2469 2182 Aristophanis

325 2203 493 2255 Byzantii
532 2203 694 2253 epitoma
734 2202 912 2240 historiae
949 2202 1164 2240 animalium
1199 2202 1453 2240 Aristotelicae
1490 2203 1624 2241 tradita
1664 2210 1732 2247 est,
1770 2215 1881 2253 quam
1919 2204 2034 2241 edidit
2067 2203 2249 2252 Spyridon
2279 2203 2469 2247 Lambros,

306 2272 612 2313 “Commentaria
643 2273 679 2310 in
710 2272 947 2310 Aristotelem
977 2271 1141 2317 Graeca’,
1178 2274 1299 2322 suppl.
1321 2273 1335 2310 1
1360 2283 1395 2322 p.
1419 2272 1640 2310 146—149.
1697 2274 1739 2310 ln
1766 2275 2056 2321 fragmentorum
2088 2285 2244 2311 numero
2272 2279 2339 2317 est,
2374 2286 2470 2323 quae

325 2344 472 2384 aliunde
496 2355 517 2382 a
543 2343 785 2393 compilatore
809 2343 847 2381 in
875 2342 1011 2380 librum
1042 2343 1272 2381 collectionis
1298 2344 1500 2381 secundum
1529 2350 1703 2393 congesta
1731 2350 1819 2382 sunt
1846 2345 1884 2394 (ξ
1904 2344 2143 2391 588-609).
2191 2344 2307 2381 Verba
2333 2349 2469 2385 autem,

326 2424 422 2466 quae
460 2414 509 2452 ibi
547 2414 803 2459 inveniuntur,
842 2424 919 2451 nou
957 2413 1092 2451 leviter
1115 2413 1328 2463 discrepant
1364 2425 1383 2451 a
1414 2413 1452 2459 C,
1493 2415 1668 2463 quoniam
1701 2414 1729 2451 D
1761 2426 1836 2452 non
1867 2416 1976 2453 modo
2007 2415 2135 2453 crebro
2163 2426 2337 2452 corrosus
2364 2414 2469 2459 θεῖ’),

328 2486 393 2524 sed
431 2485 540 2524 etiam
580 2485 676 2523 haud
715 2495 831 2534 pauca
869 2485 1041 2528 servavit,
1079 2496 1173 2534 quae
1209 2484 1248 2522 in
1276 2483 1304 2522 C
1341 2484 1608 2527 desiderantur,
1648 2491 1687 2523 ut
1713 2486 1756 2523 de
1782 2486 2115 2529 emendationibus,
2145 2497 2237 2534 quas
2265 2485 2292 2522 D
2320 2485 2471 2534 praebet

327 2563 366 2595 et
403 2556 448 2594 de
486 2555 634 2594 inverso
672 2565 854 2604 equorum
889 2564 1067 2604 generum
1109 2554 1241 2593 ordine
1278 2555 1338 2593 hic
1373 2560 1526 2593 taceam.
1582 2555 1634 2594 Ita
1672 2555 1808 2593 factum
1848 2562 1915 2598 est.
1953 2562 1992 2594 ut
2030 2569 2048 2593 a
2084 2556 2109 2594 C
2149 2556 2240 2593 haec
2279 2555 2470 2604 scriptoris

328 2627 451 2673 verba,
491 2637 509 2664 a
539 2626 566 2664 D
605 2626 665 2664 illa
705 2625 881 2664 memoria
920 2625 1029 2674 digna
1066 2630 1193 2675 putata
1231 2630 1387 2664 aetatem
1426 2626 1580 2663 tulerint
1618 2632 1655 2663 et
1689 2632 1845 2676 utroque
1876 2627 1973 2664 inter
2003 2638 2084 2664 sese
2113 2632 2325 2675 comparato
2354 2625 2471 2674 imago

509 2757 537 2798 1)
560 2756 733 2789 Commeat.
758 2754 850 2788 Ribb.
874 2766 902 2797 p.
916 2755 1099 2795 434-440,
1122 2756 1403 2788 commentariolus
1428 2756 1466 2788 de
1488 2757 1547 2789 hac
1570 2766 1607 2788 re
1629 2757 1769 2798 scriptus
1794 2765 1849 2788 sex
1873 2756 2003 2798 paginas
2027 2757 2155 2798 expleti

508 2812 535 2852 ²)
561 2813 647 2843 Duae
670 2810 966 2843 emendatiuuculae
988 2809 1164 2853 ἐμβριθεῖς
1187 2821 1214 2851 p.
1235 2811 1286 2850 27,
1314 2812 1331 2841 '1
1357 2816 1389 2842 et
1410 2807 1569 2852 ‘pravo'l
1591 2821 1617 2851 p.
1635 2811 1685 2848 30,
1703 2811 1721 2841 8
1754 2820 1813 2840 noa
1843 2811 1946 2841 codici
1970 2811 1996 2841 0
2022 2811 2133 2842 deberi
2164 2811 2217 2841 sed
2245 2811 2372 2850 elapsae
2405 2820 2474 2841 esee

330 2865 480 2896 videntur
503 2865 622 2896 editori
645 2865 760 2903 invito,
796 2865 850 2905 qui
873 2864 988 2895 auxius
1012 2868 1121 2895 cetera
1143 2865 1264 2895 codicis
1286 2869 1428 2895 monstra
1452 2865 1608 2895 servavit.
1656 2866 1759 2904 Atque
1783 2874 1851 2895 cum
1876 2875 1903 2905 p.
1921 2865 1971 2902 30,
1992 2866 2029 2895 10
2054 2870 2085 2895 et
2112 2865 2148 2896 13
2177 2864 2408 2905 χειλοσιτοῦσι
2443 2868 2476 2894 et

330 2917 463 2961 γίνοιτο
487 2928 549 2949 uon
570 2918 661 2950 modo
685 2919 718 2950 in
742 2917 768 2949 0
792 2919 919 2960 punctis
941 2916 1024 2949 infra
1048 2918 1166 2949 lineam
1191 2916 1304 2959 positis
1330 2922 1438 2949 notata
1461 2918 1537 2956 siut,
1566 2917 1620 2948 sed
1644 2918 1740 2949 etiam
1764 2917 1796 2949 in
1821 2918 1843 2949 C
1868 2918 1935 2955 (ubi
1960 2928 1996 2949 ea
2022 2922 2135 2958 puncta
2157 2918 2253 2949 etiam
2278 2917 2357 2949 alibi
2381 2927 2475 2957 saepe

330 2975 511 3014 apparent),
545 2976 619 3014 puto
643 2973 836 3004 Beruardum
873 2973 973 3014 ipsum
1008 2973 1150 3004 codicem
1173 2972 1196 3004 C
1230 2971 1373 3003 manibus
1399 2973 1583 3003 versavisse
1619 2977 1652 3003 et
1676 2972 1735 3003 Cra
1761 2971 1814 3003 vel
1838 2973 1907 3003 eius
1931 2977 2093 3004 auctorem
2128 2974 2165 3003 de
2200 2974 2326 3012 origine
2361 2973 2477 3013 capitis

330 3027 503 3058 erravisse.
549 3026 594 3058 Dc
619 3026 783 3067 excerptis!
807 3025 962 3065 Crameri,
986 3036 1066 3067 quae
1089 3027 1121 3057 in
1146 3025 1340 3057 Raroeciano
1364 3026 1473 3056 codiee
1497 3030 1619 3065 extant,
1644 3025 1683 3056 cf.
1709 3024 1793 3056 infra
1816 3036 1846 3065 p.
1864 3026 1905 3056 30
1929 3035 1998 3057 ann.

509 3080 537 3120 ⁸)
559 3080 691 3112 lacunas
715 3081 947 3121 qualescunque
971 3081 1094 3112 codicis
1119 3080 1143 3111 D
1167 3081 1187 3117 [.
1205 3103 1213 3111 .
1230 3082 1250 3118 .]
1274 3079 1317 3111 ita
1341 3079 1533 3119 significavi.

398 3143 616 3171 Friedr.-w0rd.
635 3145 734 3177 Gymn.
770 3145 847 3170 1896.
2159 3135 2179 3166 4
